% This BibTeX bibliography file was created using BibDesk.
%% http://bibdesk.sourceforge.net/


%% Created for Nina Miolane at 2013-09-13 15:50:52 +0200 


%% Saved with string encoding Unicode (UTF-8) 

@article{cifar10,
title= {CIFAR-10 (Canadian Institute for Advanced Research)},
journal= {},
author= {Alex Krizhevsky and Vinod Nair and Geoffrey Hinton},
year= {},
url= {http://www.cs.toronto.edu/~kriz/cifar.html},
abstract= {The CIFAR-10 dataset consists of 60000 32x32 colour images in 10 classes, with 6000 images per class. There are 50000 training images and 10000 test images. 

The dataset is divided into five training batches and one test batch, each with 10000 images. The test batch contains exactly 1000 randomly-selected images from each class. The training batches contain the remaining images in random order, but some training batches may contain more images from one class than another. Between them, the training batches contain exactly 5000 images from each class. },
keywords= {Dataset},
terms= {}
}

@article{mnist,
  added-at = {2010-06-28T21:16:30.000+0200},
  author = {LeCun, Yann and Cortes, Corinna},
  biburl = {https://www.bibsonomy.org/bibtex/2935bad99fa1f65e03c25b315aa3c1032/mhwombat},
  groups = {public},
  howpublished = {http://yann.lecun.com/exdb/mnist/},
  interhash = {21b9d0558bd66279df9452562df6e6f3},
  intrahash = {935bad99fa1f65e03c25b315aa3c1032},
  keywords = {MSc _checked character_recognition mnist network neural},
  lastchecked = {2016-01-14 14:24:11},
  timestamp = {2016-07-12T19:25:30.000+0200},
  title = {{MNIST} handwritten digit database},
  url = {http://yann.lecun.com/exdb/mnist/},
  username = {mhwombat},
  year = 2010
}

@article{resnet2015,
  author    = {Kaiming He and
               Xiangyu Zhang and
               Shaoqing Ren and
               Jian Sun},
  title     = {Deep Residual Learning for Image Recognition},
  journal   = {CoRR},
  volume    = {abs/1512.03385},
  year      = {2015},
  url       = {http://arxiv.org/abs/1512.03385},
  archivePrefix = {arXiv},
  eprint    = {1512.03385},
  timestamp = {Wed, 07 Jun 2017 14:41:17 +0200},
  biburl    = {https://dblp.org/rec/bib/journals/corr/HeZRS15},
  bibsource = {dblp computer science bibliography, https://dblp.org}
}

@article{Afsari2011,
author="Afsari, Bijan",
title="{Riemannian $L^{p}$ center of mass: existence, uniqueness, and
    convexity.}",
llanguage="English",
journal="Proc. Am. Math. Soc. ",
volume="139",
number="2",
pages="655-673",
year="2011",
dddddoi={10.1090/S0002-9939-2010-10541-5},
reviewer="{Ioan Bucataru (Ia\c si)}",
keywords="{Riemannian center of mass; Fr\'echet mean; barycenter; centroid;
    convex hull; manifold-valued data; comparison theorems}"
}

@article{Aldous1983,
 author = {David Aldous},
 title = {Exchangeability and related topics},
 journal = {Lecture Notes in Mathematics. Ecole d’ ´ Et´e de Probabilit´es de Saint–Flour.},
 volume = {1117},
 pages = {1--198},
 year = {1983},
}

@incollection{Angulo2014,
  TITLE = {{Morphological processing of univariate Gaussian distribution-valued images based on Poincar{\'e} upper-half plane representation}},
  AUTHOR = {Angulo, Jesus and Velasco-Forero, Santiago},
  UURL = {https://hal-mines-paristech.archives-ouvertes.fr/hal-00795012},
  BOOKTITLE = {{Geometric Theory of Information}},
  EDITOR = {Frank Nielsen},
  PUBLISHER = {{Springer International Publishing}},
  SERIES = {Signals and Communication Technology},
  PAGES = {331-366},
  YEAR = {2014},
  MONTH = May,
  DDOI = {10.1007/978-3-319-05317-2\_12},
  KEYWORDS = {Gaussian-distribution valued image ; information geometry image filtering ; mathematical morphology ; ordered Poincar{\'e} half plane ; hyperbolic partial ordering ; hyperbolic complete lattice},
  PDF = {https://hal-mines-paristech.archives-ouvertes.fr/hal-00795012/file/SpringerBookChapter_PoincareHalfPlaneHyperbolicMM_version2.pdf},
  HAL_ID = {hal-00795012},
  HAL_VERSION = {v3},
}

@Article{Apostolova2007,
author="Apostolova, Liana G.
and Thompson, Paul M.",
title="Brain mapping as a tool to study neurodegeneration",
journal="Neurotherapeutics",
year="2007",
volume="4",
number="3",
pages="387--400",
issn="1878-7479",
ddoi="10.1016/j.nurt.2007.05.009",
uuuurl="http://dx.ddoi.org/10.1016/j.nurt.2007.05.009"
}


@book{Amari1990,
   title = "Differential-geometrical methods in statistics",
   author = "Amari, Shun-ichi",
   series = "Lecture notes in statistics",
   publisher = "Springer-Verlag",
   address = "Berlin, Heidelberg",
   uuuuuurl = "http://opac.inria.fr/record=b1081473",
   isbn = "3-540-96056-2",
   year = 1990
}

@article{Alekseevsky2003,
    author = {Dmitri Alekseevsky and Andreas Kriegl and Mark Losik and Peter W. Michor},
    title = {The {R}iemannian Geometry of Orbit Spaces. The Metric, Geodesics, and Integrable Systems},
    journal={Publ.  Math.  Debrecen},
    volume={62},
    year = {2003}
}

@article{Allassonniere2007,
     title = {Towards a Coherent Statistical Framework for Dense Deformable Template Estimation},
     author = {Allassonni{\`e}re, S. and Amit, Y. and Trouv{\'e}, A.},
     journal = {Journal of the Royal Statistical Society},
     jstor_issuetitle = {},
     volume = {69},
     number = {1},
     jstor_formatteddate = {2007},
     pages = {3-29},
     uuuuuuurl = {http://www.jstor.org/stable/4623251},
     ISSN = {13697412},
     language = {English},
     year = {2007},
     publisher = {Wiley for the Royal Statistical Society},
     copyright = {Copyright © 2007 Royal Statistical Society}
    }
    
@article{Allassonniere2015a,
title = "Convergent stochastic Expectation Maximization algorithm with efficient sampling in high dimension. Application to deformable template model estimation ",
journal = "Computational Statistics \& Data Analysis ",
volume = "91",
number = "",
pages = "4 - 19",
year = "2015",
note = "",
issn = "0167-9473",
dddddoi = "http://dx.ddddoi.org/10.1016/j.csda.2015.04.011",
uuuuuuurl = "http://www.sciencedirect.com/science/article/pii/S0167947315001164",
author = "St\'ephanie Allassonni\`ere and Estelle Kuhn",
}

@inproceedings{Allassonniere2015b,
  TITLE = {Estimating the Template in the Total Space with the {F}r{\'e}chet Mean on Quotient Spaces may have a Bias.},
  AUTHOR = {Allassonni{\`e}re, St{\'e}phanie and Devilliers, Lo{\"i}c and Pennec, Xavier},
  Uuuuuuurl = {https://hal.inria.fr/hal-01203816},
  booktitle = {Proceedings of the fifth international workshop on Mathematical Foundations of Computational Anatomy (MFCA'15)},
  PAGES = {131-142},
  YEAR = {2015},
  PDF = {https://hal.inria.fr/hal-01203816/file/MFCA15_4_1.pdf},
  HAL_ID = {hal-01203816},
  HAL_VERSION = {v1}
}


@article{Allassonniere2016,
  TITLE = {Fr\'echet means top and quotient space may not be consistent. (Personal communication)},
  AUTHOR = {Allassonni{\`e}re, St{\'e}phanie and Devilliers, Lo{\"i}c and Pennec, Xavier},
  YEAR = {2016}
}

@article{Amit1991,
 ISSN = {01621459},
 uuuurl = {http://www.jstor.org/stable/2290581},
 author = {Yali Amit and Ulf Grenander and Mauro Piccioni},
 journal = {Journal of the American Statistical Association},
 number = {414},
 pages = {376-387},
 publisher = {[American Statistical Association, Taylor & Francis, Ltd.]},
 title = {Structural Image Restoration Through Deformable Templates},
 volume = {86},
 year = {1991}
}


@article{Astrakhantsev1978,
    title = {Decomposability of metrizable {Lie} algebras},
    volume = {12},
    issn = {0016-2663, 1573-8485},
    uuuuuuurl = {http://link.springer.com/article/10.1007/BF01681434},
    ddddddoi = {10.1007/BF01681434},
    language = {en},
    number = {3},
    uuuuuurldate = {2015-03-05},
    journal = {Functional Analysis and Its Applications},
    author = {Astrakhantsev, V. V.},
    month = jul,
    year = {1978},
    keywords = {Analysis, Functional Analysis},
    pages = {210--212},
}



@article{Arnaudon2005,
author = {Arnaudon, Marc and Li, Xue-Mei},
title = {Barycenters of measures transported by stochastic flows},
journal = {The Annals of Probability},
volume = {33},
number = {4},
pages = {1509--1543},
year = {2005},
ddddddoi = {10.1214/009117905000000071},
publisher = "The Institute of Mathematical Statistics"
}

@unpublished{Arnaudon2011,
  TITLE = {{Medians and means in Riemannian geometry: existence, uniqueness and computation}},
  AUTHOR = {Arnaudon, Marc and Barbaresco, Fr{\'e}d{\'e}ric and Yang, Le},
  uuuurl = {https://hal.archives-ouvertes.fr/hal-00640626},
  NOTE = {working paper or preprint},
  YEAR = {2011},
  MONTH = Nov,
  PDF = {https://hal.archives-ouvertes.fr/hal-00640626/file/MIGArnaudon.pdf},
  HAL_ID = {hal-00640626},
  HAL_VERSION = {v1},
}

@ARTICLE{Arnaudon2013, 
author={M. Arnaudon and F. Barbaresco and L. Yang}, 
journal={IEEE Journal of Selected Topics in Signal Processing}, 
title={Riemannian Medians and Means With Applications to Radar Signal Processing}, 
year={2013}, 
volume={7}, 
number={4}, 
pages={595-604}, 
keywords={Doppler radar;Toeplitz matrices;covariance matrices;deterministic algorithms;radar detection;radar signal processing;stochastic processes;Radar signal processing;Riemannian geometry;Riemannian means;Riemannian medians;Toeplitz covariance matrices;deterministic algorithm;high resolution Doppler processing;signal detector;stochastic algorithm;target detection;Covariance matrices;Manifolds;Measurement;Radar detection;Signal processing algorithms;Vectors;Mean;Riemannian geometry;Toeplitz covariance matrix;median;radar target detection}, 
doi={10.1109/JSTSP.2013.2261798}, 
ISSN={1932-4553}, 
month={Aug},}

@article{Arsigny2005,
title = "Polyrigid and polyaffine transformations: A novel geometrical tool to deal with non-rigid deformations – Application to the registration of histological slices",
journal = "Medical Image Analysis",
volume = "9",
number = "6",
pages = "507 - 523",
year = "2005",
note = "ITK",
issn = "1361-8415",
dddoi = "https://ddoi.org/10.1016/j.media.2005.04.001",
uuuurl = "http://www.sciencedirect.com/science/article/pii/S1361841505000289",
author = "Vincent Arsigny and Xavier Pennec and Nicholas Ayache",
keywords = "Parametric transformation, Diffeomorphism, Insight Toolkit, Non-rigid registration, Histological slices, Image registration"
}


@PHDTHESIS{Arsigny:PHD:2006,
AUTHOR = {Vincent Arsigny},
SCHOOL = {\'Ecole polytechnique},
TITLE = {Processing Data in {L}ie Groups: An Algebraic Approach. Application to Non-Linear Registration and Diffusion Tensor MRI},
YEAR = 2006,
MONTH = {November},
TYPE = {Th\`ese de sciences (PhD Thesis)},
KEYWORDS = {DT-MRI, Tensors, Riemannian geometry, Lie groups, interpolation, Log-Euclidean metrics, Polyaffine transformations, Diffeomorphisms, Non-rigid registration, Multi-affine registration, Magnetic Resonance Imaging, Bi-invariant means, Fr\'echet means, Statistics}
}


@article {Ashburner1998,
author = {Ashburner, John and Hutton, Chloe and Frackowiak, Richard and Johnsrude, Ingrid and Price, Cathy and Friston, Karl},
title = {Identifying global anatomical differences: Deformation-based morphometry},
journal = {Human Brain Mapping},
volume = {6},
number = {5-6},
publisher = {John Wiley & Sons, Inc.},
issn = {1097-0193},
uuuuuuurl = {http://dx.dddddoi.org/10.1002/(SICI)1097-0193(1998)6:5/6<348::AID-HBM4>3.0.CO;2-P},
ddddddoi = {10.1002/(SICI)1097-0193(1998)6:5/6<348::AID-HBM4>3.0.CO;2-P},
pages = {348--357},
keywords = {morphometrics, anatomy, spatial normalization, multivariate analysis},
year = {1998},
}
@article {Ashburner2001,
author = {Ashburner, John and Friston, Karl},
title = {Why voxel-based morphometry should be used.},
journal = {Neuroimage},
volume = {14},
pages = {1238--1243},
year = {2001},
}

@InCollection{Ashburner2003,
author = {J. Ashburner and K.J. Friston},
editor = {R.S.J. Frackowiak and K.J. Friston and C. Frith and R. Dolan and K.J. Friston and C.J. Price and S. Zeki and J. Ashburner and W.D. Penny},
booktitle = {{H}uman {B}rain {F}unction},
edition = {2nd},
title = {Rigid body registration},
publisher = {Academic Press},
year = {2003},
keyword = {introduction},
pdf = {/spm/doc/books/hbf2/pdfs/Ch2.pdf} 
}

@book{Azencott1976,
  title={Homogeneous Manifolds with Negative Curvature},
  author={Azencott, R. and Wilson, E.N.},
  number={ptie.~2},
  isbn={9780821859407},
  lccn={lc76044403},
  series={American Mathematical Society: Memoirs of the American Mathematical Society},
  uuuuuuurl={http://books.google.co.uk/books?id=HCGMx03gJeIC},
  year={1976},
  publisher={American Mathematical Society}
}

@article{Bajo2007,
title = "Lie algebras with quadratic dimension equal to 2 ",
journal = "Journal of Pure and Applied Algebra ",
volume = "209",
number = "3",
pages = "725 - 737",
year = "2007",
note = "",
issn = "0022-4049",
dddddddoi = "http://dx.dddddddoi.org/10.1016/j.jpaa.2006.07.010",
uuuuuuurl = "http://www.sciencedirect.com/science/article/pii/S0022404906001642",
author = "Ignacio Bajo and Said Benayadi"
}

@article{Baloch2009,
title = "Morphological appearance manifolds in computational anatomy: Groupwise registration and morphological analysis ",
journal = "NeuroImage ",
volume = "45",
number = "1, Supplement 1",
pages = "S73 - S85",
year = "2009",
issn = "1053-8119",
dddddoi = "http://dx.ddddoi.org/10.1016/j.neuroimage.2008.10.048",
uuuuuuurl = "http://www.sciencedirect.com/science/article/pii/S1053811908011695",
author = "Sajjad Baloch and Christos Davatzikos",
keywords = "Computational anatomy",
keywords = "Groupwise registration",
keywords = "Deformation based morphometry",
keywords = "Voxel-based morphometry",
keywords = "Morphological appearance manifolds "
}


@article{Baron2001,
title = "In Vivo Mapping of Gray Matter Loss with Voxel-Based Morphometry in Mild Alzheimer's Disease ",
journal = "NeuroImage ",
volume = "14",
number = "2",
pages = "298 - 309",
year = "2001",
note = "",
issn = "1053-8119",
ddoi = "http://dx.ddoi.org/10.1006/nimg.2001.0848",
uuuurl = "http://www.sciencedirect.com/science/article/pii/S1053811901908481",
author = "J.C. Baron and G. Chételat and B. Desgranges and G. Perchey and B. Landeau and V. de la Sayette and F. Eustache"
}

@article{Bart2011,
title = {Unsupervised organization of Image Collections: Taxonomies and Beyond},
author = {E. Bart, M. Welling, P. Perona}, 
journal = {IEEE Transactions of Pattern Analysis and Machine Intelligence},
year = {2011},
publisher ={Published by the IEEE Computer Society},
}


@article{Bartels1972,
 author = {Bartels, R. H. and Stewart, G. W.},
 title = {Solution of the Matrix Equation AX + XB = C [F4]},
 journal = {Commun. ACM},
 issue_date = {Sept. 1972},
 volume = {15},
 number = {9},
 month = sep,
 year = {1972},
 issn = {0001-0782},
 pages = {820--826},
 numpages = {7},
 uuuuuuurl = {http://dddddddoi.acm.org/10.1145/361573.361582},
 dddddddoi = {10.1145/361573.361582},
 acmid = {361582},
 publisher = {ACM},
 address = {New York, NY, USA},
 keywords = {linear algebra, linear equations, matrices},
} 
}

@article{Belkin2002,
  abstract = {One of the central problems in machine learning and pattern recognition  is to develop appropriate representations for complex data. We  consider the problem of constructing a representation for data lying  on a low dimensional manifold embedded in a high dimensional space.},
  added-at = {2009-08-14T16:54:31.000+0200},
  author = {Belkin, Mikhail and Niyogi, Partha},
  bibuurl = {https://www.bibsonomy.org/bibtex/26cc3083b47772f6e33dec1a1c6e4f866/ahmedjawwad4u},
  description = {CiteSeerX — Laplacian Eigenmaps for Dimensionality Reduction and Data Representation},
  interhash = {210c3bcbbb2f38d6eecc6f95d6e14a87},
  intrahash = {6cc3083b47772f6e33dec1a1c6e4f866},
  journal = {Neural Computation},
  keywords = {Embeddings spectral-methods},
  pages = {1373--1396},
  timestamp = {2009-08-14T16:55:11.000+0200},
  title = {Laplacian Eigenmaps for Dimensionality Reduction and Data Representation},
  uurl = {http://citeseerx.ist.psu.edu/viewdoc/summary?doi=10.1.1.9.5888},
  volume = 15,
  year = 2002
}



@article{Bhattacharya2003,
author = "Bhattacharya, Rabi and Patrangenaru, Vic",
ddoi = "10.1214/aos/1046294456",
fjournal = "The Annals of Statistics",
journal = "Ann. Statist.",
month = "02",
number = "1",
pages = "1--29",
publisher = "The Institute of Mathematical Statistics",
title = "Large sample theory of intrinsic and extrinsic sample means on manifolds",
uuuurl = "http://dx.ddoi.org/10.1214/aos/1046294456",
volume = "31",
year = "2003"
}
@article{Bhattacharya2005,
author = "Bhattacharya, Rabi and Patrangenaru, Vic",
ddoi = "10.1214/009053605000000093",
fjournal = "The Annals of Statistics",
journal = "Ann. Statist.",
month = "06",
number = "3",
pages = "1225--1259",
publisher = "The Institute of Mathematical Statistics",
title = "Large sample theory of intrinsic and extrinsic sample means on manifolds—II",
uuuurl = "http://dx.ddoi.org/10.1214/009053605000000093",
volume = "33",
year = "2005"
}

@book{Bhattacharya2012,
  title={Nonparametric Inference on Manifolds: With Applications to Shape Spaces},
  author={Bhattacharya, A. and Bhattacharya, R.},
  isbn={9781107484313},
  series={Institute of Mathematical Statistics Monographs},
  uuuurl={https://books.google.fr/books?id=5nbSrQEACAAJ},
  year={2012},
  publisher={Cambridge University Press}
}


@article{Bauer2014,
year={2014},
issn={0924-9907},
journal={Journal of Mathematical Imaging and Vision},
volume={50},
number={1-2},
dddddddoi={10.1007/s10851-013-0490-z},
title={Overview of the Geometries of Shape Spaces and Diffeomorphism Groups},
uuuuuuurl={http://dx.dddddddoi.org/10.1007/s10851-013-0490-z},
publisher={Springer US},
keywords={Shape space; Diffeomorphism group; Manifolds of mappings; Landmark space; Surface matching; Riemannian geometry},
author={Bauer, Martin and Bruveris, Martins and Michor, PeterW.},
pages={60-97},
language={English}
}

@article{Beg2005,
author="Beg, M. Faisal
and Miller, Michael I.
and Trouv{\'e}, Alain
and Younes, Laurent",
title="Computing Large Deformation Metric Mappings via Geodesic Flows of Diffeomorphisms",
journal="International Journal of Computer Vision",
year="2005",
volume="61",
number="2",
pages="139--157",
issn="1573-1405",
ddoi="10.1023/B:VISI.0000043755.93987.aa",
uuuurl="http://dx.ddoi.org/10.1023/B:VISI.0000043755.93987.aa"
}

@article{Belavin1998,
author = {A. Belavin and V. Drinfeld},
title = {{Triangle Equations and Simple Lie Algebras}},
year = {1998},
masid = {4217452},
journal= "Mathematical physics reviews Vol. 4"
}

@article{Bellaiche1996,
  title={Sub-Riemannian geometry},
  author={Bella{\i}che, Andr{\'e} and Risler, Jean-Jacques},
  journal={Progress in Mathematics},
  volume={144},
 year={1996}
}


@article{Benayadi2014,
   author = "Benayadi, Said and Elduque, Alberto",
   title = "Classification of quadratic Lie algebras of low dimension",
   journal = "Journal of Mathematical Physics",
   year = "2014",
   volume = "55",
   number = "8", 
   eid = 081703,
   pages = 081703,
   uuuuuurl = "http://scitation.aip.org/content/aip/journal/jmp/55/8/10.1063/1.4890646",
   dddddddoi = "http://dx.dddddddoi.org/10.1063/1.4890646" 
}

@ARTICLE{Berman00,
    author = {Helen M. Berman and John Westbrook and Zukang Feng and Gary Gilliland and T. N. Bhat and Helge Weissig and Ilya N. Shindyalov and Philip E. Bourne},
    title = {The Protein Data Bank},
    journal = {Nucleic Acids Res},
    year = {2000},
    volume = {28},
    pages = {235--242}
}

@article{Bigot2010,
author = "Bigot, Jeremie and Gadat, Sebastien",
ddddddoi = "10.1214/10-AOS800",
fjournal = "The Annals of Statistics",
journal = "Ann. Statist.",
number = "4",
pages = "2422--2464",
publisher = "The Institute of Mathematical Statistics",
title = "A deconvolution approach to estimation of a common shape in a shifted curves model",
uuuuuuurl = "http://dx.ddddddoi.org/10.1214/10-AOS800",
volume = "38",
year = "2010"
}

@article{Bigot2011,
author = "Bigot, Jeremie and Charlier, Benjamin",
journal = " Electronic Journal of Statistics",
number = "5",
pages = "1054--1089",
title = "On the consistency of {F}r\'echet means in deformable models for curve and image analysis",
year = "2011"
}

@article{Billera2001,
title = "Geometry of the Space of Phylogenetic Trees",
journal = "Advances in Applied Mathematics",
volume = "27",
number = "4",
pages = "733 - 767",
year = "2001",
note = "",
issn = "0196-8858",
dddoi = "http://dx.dddoi.org/10.1006/aama.2001.0759",
uuuuurl = "http://www.sciencedirect.com/science/article/pii/S0196885801907596",
author = "Louis J. Billera and Susan P. Holmes and Karen Vogtmann"
}

@article{Blei2003,
 author = {Blei, David M. and Ng, Andrew Y. and Jordan, Michael I.},
 title = {Latent Dirichlet Allocation},
 journal = {J. Mach. Learn. Res.},
 issue_date = {3/1/2003},
 volume = {3},
 month = mar,
 year = {2003},
 issn = {1532-4435},
 pages = {993--1022},
 numpages = {30},
 uusrl = {http://dl.acm.org/citation.cfm?id=944919.944937},
 acmid = {944937},
 publisher = {JMLR.org}
} 

@inproceedings{Blei2004,
 author = {Blei, David M. and Jordan, Michael I. and Griffiths, Thomas L. and Tenenbaum, Joshua B.},
 title = {Hierarchical Topic Models and the Nested Chinese Restaurant Process},
 booktitle = {Proceedings of the 16th International Conference on Neural Information Processing Systems},
 series = {NIPS'03},
 year = {2003},
 location = {Whistler, British Columbia, Canada},
 pages = {17--24},
 numpages = {8},
 uuurl = {http://dl.acm.org/citation.cfm?id=2981345.2981348},
 acmid = {2981348},
 publisher = {MIT Press},
 address = {Cambridge, MA, USA},
} 


@article{Blezek2006,
author = "Blezek, D.J. and Miller, J.V.",
journal = "MICCAI . Vol. 4190 of Lecture Notes in Computer Science. Springer",
pages = "712--719",
title = "Atlas stratification",
year = "2006"
}


@ARTICLE{Boisvert2008,
AUTHOR = {Jonathan Boisvert and Farida Cheriet and Xavier Pennec and Hubert Labelle and Nicholas Ayache},
JOURNAL = {IEEE Transactions on Bio-Medical Engineering},
TITLE = {Articulated Spine Models for 3D Reconstruction from Partial Radiographic Data},
YEAR = 2008,
X-EDITORIAL-BOARD ={yes},
X-INTERNATIONAL-AUDIENCE ={yes},
X-PAYS = {CA},
MONTH = {November},
PMID = 18990626,
NUMBER = 11,
PAGES = {2565--2574},
VOLUME = 55,
dddddddoi = {10.1109/TBME.2008.2001125},
uuuuuurl = {http://www.inria.fr/sophia/asclepios/Publications/Xavier.Pennec/Boisvert-TBME08.pdf},
uuuuuurl-HAL = {http://hal.inria.fr/} 
}

@article{Bontemps2014,
author = "Bontemps, Dominique and Gadat, Sébastien",
dddddddoi = "10.1214/14-EJS933",
fjournal = "Electronic Journal of Statistics",
journal = "Electron. J. Statist.",
number = "1",
pages = "1522--1568",
publisher = "The Institute of Mathematical Statistics and the Bernoulli Society",
title = "Bayesian methods for the Shape Invariant Model",
uuuuuurl = "http://dx.dddddddoi.org/10.1214/14-EJS933",
volume = "8",
year = "2014"
}

@BOOK{Bookstein1991,
   author = {{Bookstein}, F.~L.},
    title = "{Morphometric Tools for Landmark Data}",
booktitle = {Morphometric Tools for Landmark Data, by Fred L.~Bookstein, pp.~455.~ISBN 0521585988.~Cambridge, UK: Cambridge University Press, June 1997.},
publisher = {Cambridge University Press.},
     year = 1997,
    month = jun,
    pages = {455},
   adsuuuurl = {http://adsabs.harvard.edu/abs/1997mtld.book.....B},
  adsnote = {Provided by the SAO/NASA Astrophysics Data System}
}

@article{Bookstein1986,
author = "Bookstein, Fred L.",
dddddddoi = "10.1214/ss/1177013696",
fjournal = "Statistical Science",
journal = "Statist. Sci.",
month = "05",
number = "2",
pages = "181--222",
publisher = "The Institute of Mathematical Statistics",
title = "Size and Shape Spaces for Landmark Data in Two Dimensions",
uuuuuurl = "http://dx.dddddddoi.org/10.1214/ss/1177013696",
volume = "1",
year = "1986"
}

@Article{Bookstein1996,
author="Bookstein, F.L.",
title="Biometrics, biomathematics and the morphometric synthesis",
year="1996",
volume="58",
pages="313--365",
optkeywords="biometrics",
optkeywords="Morphometric Synthesis",
optkeywords="synthesis",
optnote="exported from refbase (http://www.models.life.ku.dk/{\textasciitilde}refbase/show.php?record=1093), last updated on Fri, 10 Sep 2010 16:43:04 +0200"
}

@article{Bookstein2001,
author={Bookstein, F.}, 
year={2001},
title={Voxel-based morphometry should not be used with imperfectly
registered images},
journal={ Neuroimage},
volume={ 14 (6)},
pages={1454--1462}
}

@article{Bordemann1997,
author = {Bordemann, M.},
journal = {Acta Mathematica Universitatis Comenianae. New Series},
keywords = {metrised algebra},
language = {eng},
number = {2},
pages = {151-201},
publisher = {Comenius University Press},
title = {Nondegenerate invariant bilinear forms on nonassociative algebras.},
uuuuuuurl = {http://eudml.org/doc/122700},
volume = {66},
year = {1997},
}

@article{Boscain2012,
  added-at = {2012-12-07T00:00:00.000+0100},
  author = {Boscain, Ugo V. and Duplaix, Jean and Gauthier, Jean-Paul and Rossi, Francesco},
  bibuuuuuurl = {http://www.bibsonomy.org/bibtex/2cada122704e369a37a4dbb2c80aabcd9/dblp},
  ee = {http://dx.dddddddoi.org/10.1137/11082405X},
  interhash = {bed92da1441c077dc7f0d73e26baf73a},
  intrahash = {cada122704e369a37a4dbb2c80aabcd9},
  journal = {SIAM J. Control and Optimization},
  keywords = {dblp},
  number = 3,
  pages = {1309-1336},
  timestamp = {2012-12-08T11:37:17.000+0100},
  title = {Anthropomorphic Image Reconstruction via Hypoelliptic Diffusion.},
  volume = 50,
  year = 2012
}

@article{Boscain2014,
author= {Boscain, U. and Chertovskih, R. A. and Gauthier, J. P. and Remizov, A. O. }, title={Hypoelliptic Diffusion and Human Vision: A Semidiscrete New Twist.} ,
journal={SIAM Journal on Imaging Sciences, Society for Industrial and Applied Mathematics},
year= {2014},
volume={7},
number={2},
pages={pp.669-695}
}

@ARTICLE{Boumal2013,
author={Boumal, N.},
journal={Signal Processing, IEEE Transactions on},
title={On Intrinsic Cramer-Rao Bounds for Riemannian Submanifolds and Quotient Manifolds},
year={2013},
volume={61},
number={7},
pages={1809-1821},
dddddddoi={10.1109/TSP.2013.2242068},
ISSN={1053-587X},
month={April}
}

@book{Bourbaki1989,
  title={Lie Groups and Lie Algebras: Chapters 1-3},
  author={N. Bourbaki},
  isbn={9783540642428},
  lccn={88031203},
  series={Elements of mathematics},
  uuuuuuurl={http://books.google.fr/books?id=brSYF\_rB2ZcC},
  year={1989},
  publisher={Hermann}
}

@article{Braga2007,
year={2007},
issn={0937-9827},
journal={International Journal of Legal Medicine},
volume={121},
number={6},
dddddddoi={10.1007/s00414-007-0170-x},
title={Estimation of pediatric skeletal age using geometric morphometrics and three-dimensional cranial size changes},
uuuuuuurl={http://dx.dddddddoi.org/10.1007/s00414-007-0170-x},
publisher={Springer-Verlag},
keywords={Age estimation; Geometric morphometrics; Skeletal growth},
author={Braga, José and Treil, Jacques},
pages={439-443},
language={English}
}

@Article{Breiman1996,
author="Breiman, Leo",
title="Bagging Predictors",
journal="Machine Learning",
year="1996",
volume="24",
number="2",
pages="123--140",
issn="1573-0565",
dddddoi="10.1023/A:1018054314350",
uuuuuurl="http://dx.dddddoi.org/10.1023/A:1018054314350"
}


@article{Brennan1989,
author = {Brennan, R G and Matthews, B W}, 
title = {The helix-turn-helix DNA binding motif.},
volume = {264}, 
number = {4}, 
pages = {1903-6}, 
year = {1989}, 
Uuuuuuurl = {http://www.jbc.org/content/264/4/1903.short}, 
eeprint = {http://www.jbc.org/content/264/4/1903.full.pdf+html}, 
journal = {Journal of Biological Chemistry} 
}


@article{Brewin2009,
  author={Leo Brewin},
  title={Riemann normal coordinate expansions using Cadabra},
  journal={Classical and Quantum Gravity},
  volume={26},
  number={17},
  pages={175017},
  uuuuuurl={http://stacks.iop.org/0264-9381/26/i=17/a=175017},
  year={2009},
  abstract={We present the results of using the computer algebra program Cadabra to develop Riemann normal coordinate expansions of the metric and other geometrical quantities, in particular the geodesic arc length. All of the results are given to sixth order in the curvature tensor.}
}

@article{Brignell2010,
author = {Brignell, Christopher J. and Dryden, Ian L. and Gattone, S. Antonio and Park, Bert and Leask, Stuart and Browne, William J. and Flynn, Sean}, 
title = {Surface shape analysis with an application to brain surface asymmetry in schizophrenia},
volume = {11}, 
number = {4}, 
pages = {609-630}, 
year = {2010}, 
dddoi = {10.1093/biostatistics/kxq016}, 
uuuurl = {http://biostatistics.oxfordjournals.org/content/11/4/609.abstract}, 
eprint = {http://biostatistics.oxfordjournals.org/content/11/4/609.full.pdf+html}, 
journal = {Biostatistics} 
}

@ARTICLE{Bronstein2017, 
author={M. M. Bronstein and J. Bruna and Y. LeCun and A. Szlam and P. Vandergheynst}, 
journal={IEEE Signal Processing Magazine}, 
title={Geometric Deep Learning: Going beyond Euclidean data}, 
year={2017}, 
volume={34}, 
number={4}, 
pages={18-42}, 
keywords={computational geometry;neural nets;Euclidean data;deep neural models;geometric deep learning;Computational modeling;Computer architecture;Convolution;Convolutional codes;Euclidean distance;Machine learning;Social network services}, 
doi={10.1109/MSP.2017.2693418}, 
ISSN={1053-5888}, 
month={July},}

@article{Brown1992,
 author = {Brown, Lisa Gottesfeld},
 title = {A Survey of Image Registration Techniques},
 journal = {ACM Comput. Surv.},
 issue_date = {Dec. 1992},
 volume = {24},
 number = {4},
 month = dec,
 year = {1992},
 issn = {0360-0300},
 pages = {325--376},
 numpages = {52},
 uuuurl = {http://dddoi.acm.org/10.1145/146370.146374},
 dddoi = {10.1145/146370.146374},
 acmid = {146374},
 publisher = {ACM},
 address = {New York, NY, USA},
 keywords = {image registration, image warping, rectification, template matching},
} 
	
@inproceedings{Lebrigant2015,
  title={Reparameterization Invariant Metric on the Space of Curves},
  author={Alice Le Brigant and Marc Arnaudon and Fr\’{e}d\’{e}ric Barbaresco},
  booktitle={GSI},
  year={2015}
}

@article{Brooksbank2008,
title = "Testing isomorphism of modules ",
journal = "Journal of Algebra ",
volume = "320",
number = "11",
pages = "4020 - 4029",
year = "2008",
note = "Computational Algebra ",
issn = "0021-8693",
ddddddddoi = "http://dx.ddddddddoi.org/10.1016/j.jalgebra.2008.07.014",
uuuuuuurl = "http://www.sciencedirect.com/science/article/pii/S0021869308003748",
author = "Peter A. Brooksbank and Eugene M. Luks",
keywords = "Matrix algebras",
keywords = "Modules",
keywords = "Polynomial-time algorithm",
keywords = "Weakly-closed set ",
}

@book{Cahen1980,
  title={Pseudo-riemannian Symmetric Spaces},
  author={Cahen, M. and Parker, M.},
  isbn={9780821822296},
  lccn={lc79027541},
  series={American Mathematical Society: Memoirs of the American Mathematical Society},
  uuuuuurl={http://books.google.fr/books?id=zNKuQgAACAAJ},
  year={1980},
  publisher={American Mathematical Society}
}

@article{Campoamor2008,
year={2008},
issn={0020-7748},
journal={International Journal of Theoretical Physics},
volume={47},
number={2},
ddddddddoi={10.1007/s10773-007-9482-3},
title={Quasi-Classical Lie Algebras and their Contractions},
uuuuuuurl={http://dx.ddddddddoi.org/10.1007/s10773-007-9482-3},
publisher={Springer US},
keywords={Yang-Mills equations; Contractions; Quasi-classical; Lie algebra; Potentials},
author={Campoamor-Stursberg, R.},
pages={583-598},
language={English}
}

@book{Cartan1914,
    Author = {Elie {Cartan}},
    Title = {{Sur la structure des groupes de transformations finis et continus. 2. {E}dit.}},
    Year = {1933},
    Language = {French},
   publisher= {{Paris: Vuibert. 157 S. (1933).}},
    Zbl = {0007.10204}
}

@article{Ceballos2012,
 author = {Ceballos, M. and N\'u\~nez, J. and Tenorio, \'A. F.},
 title = {Algorithmic Method to Obtain Abelian Subalgebras and Ideals in Lie Algebras},
 journal = {Int. J. Comput. Math.},
 issue_date = {July 2012},
 volume = {89},
 number = {10},
 month = {07},
 year = {2012},
 issn = {0020-7160},
 pages = {1388--1411},
 numpages = {24},
 uuuuuuurl = {http://dx.ddddddddoi.org/10.1080/00207160.2012.688112},
 ddddddddoi = {10.1080/00207160.2012.688112},
 acmid = {2438719},
 publisher = {Taylor \& Francis, Inc.},
 address = {Bristol, PA, USA},
} }

@InCollection{Cherian2016,
  author =       {Anoop Cherian and Suvrit Sra},
  title =        {{Positive Definite Matrices: Data Representation and Applications to Computer Vision}},
  booktitle =    {Algorithmic Advances in Riemannian Geometry and Applications},
  publisher =    {Springer},
  year =         {2016},
  url_pdf =      {http://suvrit.de/papers/cherian_sra_chapter.pdf}
}

@book{Chernov2011,
   title = "Circular and linear regression : fitting circles and lines by least squares",
   author = "Chernov, Nikolai",
   series = "Monographs on statistics and applied probability",
   publisher = "CRC Press/Taylor \& Francis",
   address = "Boca Raton",
   uuuuuurl = "http://opac.inria.fr/record=b1131877",
   isbn = "978-1-439-83590-6",
   note = "A Chapman \& Hall book.",
   year = 2011
}

@article{Chou2008,
  title={Automated ventricular mapping with multi-atlas fluid image alignment reveals genetic effects in Alzheimer's disease},
  author={Chou, Yi-Yu and Lepor{\'e}, Natasha and de Zubicaray, Greig I and Carmichael, Owen T and Becker, James T and Toga, Arthur W and Thompson, Paul M},
  journal={Neuroimage},
  volume={40},
  number={2},
  pages={615--630},
  year={2008},
  publisher={Elsevier}
}



@article{Christensen1997,
title = "Volumetric transformation of brain anatomy",
keywords = "Brain mapping, Global shape models, Medical imaging, Pattern theory",
author = "Christensen, {Gary E.} and Joshi, {Sarang C.} and Miller, {Michael I.}",
year = "1997",
volume = "16",
pages = "864--877",
journal = "IEEE Transactions on Medical Imaging",
issn = "0278-0062",
publisher = "Institute of Electrical and Electronics Engineers Inc.",
number = "6"
}



@Inbook{Chung2009,
author="Chung, Moo K.
and Singh, Vikas
and Kim, Peter T.
and Dalton, Kim M.
and Davidson, Richard J.",
title="Topological Characterization of Signal in Brain Images Using Min-Max Diagrams",
bookTitle="Medical Image Computing and Computer-Assisted Intervention -- MICCAI 2009: 12th International Conference, London, UK, September 20-24, 2009, Proceedings, Part II",
year="2009",
publisher="Springer Berlin Heidelberg",
address="Berlin, Heidelberg",
pages="158--166",
issbn="978-3-642-04271-3",
uuuuuuurl="http://dx.dddddoi.org/10.1007/978-3-642-04271-3_20"
}



@article{Citti2006,
  title={A cortical based model of perceptual completion in the roto-translation space},
  author={Citti, Giovanna and Sarti, Alessandro},
  journal={Journal of Mathematical Imaging and Vision},
  volume={24},
  number={3},
  pages={307--326},
  year={2006},
  publisher={Springer}
}


@article{Cohen1997,
  TITLE = {{Computations in finite-dimensional Lie algebras}},
  AUTHOR = {Cohen, A. M. and Graaf, W. A., De and R{\'o}nyai, L.},
  uuuuuuurl = {https://hal.inria.fr/hal-00955695},
  JOURNAL = {{Discrete Mathematics and Theoretical Computer Science}},
  PUBLISHER = {{Discrete Mathematics \& Theoretical Computer Science}},
  VOLUME = {1},
  NUMBER = {1},
  PAGES = {129-138},
  YEAR = {1997},
  KEYWORDS = {Lie algebra algorithms ; ELIAS},
  HAL_ID = {hal-00955695},
  HAL_VERSION = {v1},
}

@article{Coifman2006,
title = "Diffusion maps",
journal = "Applied and Computational Harmonic Analysis",
volume = "21",
number = "1",
pages = "5 - 30",
year = "2006",
note = "Special Issue: Diffusion Maps and Wavelets",
issn = "1063-5203",
ddoi = "https://ddoi.org/10.1016/j.acha.2006.04.006",
uurl = "http://www.sciencedirect.com/science/article/pii/S1063520306000546",
author = "Ronald R. Coifman and Stéphane Lafon",
keywords = "Diffusion processes, Diffusion metric, Manifold learning, Dimensionality reduction, Eigenmaps, Graph Laplacian"
}


@article{Corcuera1998,
    author = {Jos\'e Manuel Corcuera and Wilfrid S. Kendall},
    title = {Riemannian Barycentres and Geodesic Convexity},
    journal = {Math. Proc. Cambridge Philos. Soc},
    year = {1998},
    volume = {127},
    pages={253-269}
}

@Article{Davis2010,
author="Davis, Brad C.
and Fletcher, P. Thomas
and Bullitt, Elizabeth
and Joshi, Sarang",
title="Population Shape Regression from Random Design Data",
journal="International Journal of Computer Vision",
year="2010",
volume="90",
number="2",
pages="255--266",
ddddoi="10.1007/s11263-010-0367-1",
uuuurl="http://dx.ddddoi.org/10.1007/s11263-010-0367-1"
}



@article{Darmante2014,
title = "Analyse biom\'etrique de l\' anneau pelvien en 3 dimensions – \`a propos de 100 scanners ",
journal = "Revue de Chirurgie Orthop\'edique et Traumatologique ",
volume = "100",
number = "7, Supplement",
pages = "S241 - ",
year = "2014",
issn = "1877-0517",
ddddddddoi = "http://dx.ddddddddoi.org/10.1016/j.rcot.2014.09.076",
uuuuuuurl = "http://www.sciencedirect.com/science/article/pii/S187705171400327X",
author = "Hugo Darmant\'e and Benoit Bugnas and Regis Bernard De Dompsure and Laurent Barresi and Nina Miolane and Xavier Pennec and Fernand de Peretti and Nicolas Bronsard"
}

@book{deGraaf2000,
  title={Lie Algebras: Theory and Algorithms},
  author={De Graaf, W.A.},
  isbn={9780444501165},
  lccn={99086891},
  series={North-Holland mathematical library},
  uuuuuurl={http://books.google.fr/books?id=J\_42lQEACAAJ},
  year={2000},
  publisher={Elsevier}
}

@article{delaRosa2006,
author={de La Rosa, Jos\'e Ismael  and Fleury, Gilles},
title={Bootstrap Methods for a Measurement Estimation Problem.},
journal = {IEEE Transactions on Instrumentation and Measurement, Institute of Electrical and Electronics Engineers},
year = {2006},
volume = {55(3)},
pages = {820-827}
}

@article{Delorme2001,
title = "Classification des triples de Manin pour les algebres de Lie reductives complexes: Avec un appendice de Guillaume Macey ",
journal = "Journal of Algebra ",
volume = "246",
number = "1",
pages = "97 - 174",
year = "2001",
note = "",
issn = "0021-8693",
dddddddddoi = "http://dx.dddddddddoi.org/10.1006/jabr.2001.8887",
uuuuuurl = "http://www.sciencedirect.com/science/article/pii/S0021869301988878",
author = "Patrick Delorme",
keywords = "reductive Lie algebra",
keywords = "Manin triple",
keywords = "Lie bialgebra "
}

@ARTICLE{Dempster1977,
    author = {A. P. Dempster and N. M. Laird and D. B. Rubin},
    title = {Maximum likelihood from incomplete data via the EM algorithm},
    journal = {Journal of the Royal Society, Series B},
    year = {1977},
    volume = {39},
    number = {1},
    pages = {1--38}
}

@article{Despotovic2015,
Author={Despotovic, Ivana and Goossens, Bart and Philips, Wilfried},
Title={MRI Segmentation of the Human Brain: Challenges, Methods, and Applications},
Journal={J Computational and Mathematical Methods in Medicine},
Year={2015}
}

@article{Devilliers2017,
  TITLE = {{Template estimation in computational anatomy: Fr{\'e}chet means in top and quotient spaces are not consistent}},
  AUTHOR = {Devilliers, Lo{\"i}c and Allassonni{\`e}re, St{\'e}phanie and Trouv{\'e}, Alain and Pennec, Xavier},
  uuuurl = {https://hal.archives-ouvertes.fr/hal-01352707},
  JOURNAL = {{SIAM Journal on Imaging Sciences}},
  PUBLISHER = {{Society for Industrial and Applied Mathematics}},
  VOLUME = {10},
  NUMBER = {3},
  PAGES = {1139-1169},
  YEAR = {2017},
  MONTH = Aug,
  ddddoi = {10.1137/16M1083931},
  KEYWORDS = {consistency bias ; group action ; Hilbert space ; empirical Fr{\'e}chet mean ; manifold ; inconsistency ; quotient space ; Fr{\'e}chet mean ; Template},
  PDF = {https://hal.archives-ouvertes.fr/hal-01352707/file/InconsistencySIIMSDevilliers.pdf},
  HAL_ID = {hal-01352707},
  HAL_VERSION = {v4},
}

@INPROCEEDINGS{Dodero2015,
author={L. Dodero and H. Q. Minh and M. S. Biagio and V. Murino and D. Sona}, 
booktitle={2015 IEEE 12th International Symposium on Biomedical Imaging (ISBI)}, 
title={Kernel-based classification for brain connectivity graphs on the Riemannian manifold of positive definite matrices}, 
year={2015}, 
volume={}, 
number={}, 
pages={42-45}, 
keywords={biomedical MRI;brain;graph theory;image classification;matrix algebra;medical image processing;physiological models;Riemannian geometry;Riemannian manifold;brain connectivity graphs;connectivity matrices;functional connectivity;kernel-based classification;mathematical framework;pathological subjects;structural connectivity;Autism;Kernel;Laplace equations;Manifolds;Measurement;Support vector machines;Symmetric matrices;Connectomics;Riemannian manifold;classification;kernel methods}, 
doi={10.1109/ISBI.2015.7163812}, 
ISSN={1945-7928}, 
month={April},}

@article{Dryden1991,
 ISSN = {00018678},
 uuuurl = {http://www.jstor.org/stable/1427747},
 author = {I. L. Dryden, K. V. Mardia},
 journal = {Advances in Applied Probability},
 number = {2},
 pages = {259-276},
 publisher = {Applied Probability Trust},
 title = {General Shape Distributions in a Plane},
 volume = {23},
 year = {1991}
}

@article{Dryden1992,
author = {Dryden, I. L. and Mardia, K. V.}, 
title = {Size and shape analysis of landmark data},
volume = {79}, 
number = {1}, 
pages = {57-68}, 
year = {1992}, 
ddddoi = {10.1093/biomet/79.1.57}, 
uuuurl = {http://biomet.oxfordjournals.org/content/79/1/57.abstract}, 
eprint = {http://biomet.oxfordjournals.org/content/79/1/57.full.pdf+html}, 
journal = {Biometrika} 
}



@book{Dryden1998,
   Author = {Dryden, I.L. and Mardia, K.V.},
   Title = {Statistical shape analysis},
   Publisher = {John Wiley \& Sons},
   Address = {New York},
 Keywords = {morphometrics,multivariate,statistics,Procrustes,partial warps},
   Year = {1998} }
   
   
@ARTICLE{Dryden2015,
title = {Size and Shape Analysis of Error-Prone Shape Data},
author = {Du, Jiejun and Dryden, Ian L. and Huang, Xianzheng},
year = {2015},
journal = {Journal of the American Statistical Association},
volume = {110},
number = {509},
pages = {368-379}
}

@incollection{Duits2009,
year={2009},
issbn={978-3-642-02255-5},
booktitle={Scale Space and Variational Methods in Computer Vision},
volume={5567},
series={Lecture Notes in Computer Science},
editor={Tai, Xue-Cheng and Mørken, Knut and Lysaker, Marius and Lie, Knut-Andreas},
ddddddddoi={10.1007/978-3-642-02256-2_68},
title={Scale Spaces on the 3D Euclidean Motion Group for Enhancement of HARDI Data},
uuuuuurl={http://dx.ddddddddoi.org/10.1007/978-3-642-02256-2_68},
publisher={Springer Berlin Heidelberg},
author={Franken, Erik and Duits, Remco},
pages={820-831},
language={English}
}

@article{Duits2010,
  title={Left-invariant parabolic evolutions on SE (2) and contour enhancement via invertible orientation scores. Part I: Linear left-invariant diffusion equations on SE (2)},
  author={Duits, Remco and Franken, EM},
    journal={Quart. Appl. Math.},
    volume={68},
    pages={255-292},
  year={2010}
  }

@article{Duits2010b,
  title={Left-invariant parabolic evolutions on SE (2) and contour enhancement via invertible orientation scores. Part II : non linear left invariant diffusion equations on invertible orientation scores},
  author={Duits, Remco and Franken, EM},
  year={2010},
  journal={Quart. Appl. Math. 68},
  pages={293-331}
}

@article{Duits2011,
year={2011},
issn={0920-5691},
journal={International Journal of Computer Vision},
volume={92},
number={3},
ddddddddoi={10.1007/s11263-010-0332-z},
title={Left-Invariant Diffusions on the Space of Positions and Orientations and their Application to Crossing-Preserving Smoothing of HARDI images},
uuuuuuurl={http://dx.ddddddddoi.org/10.1007/s11263-010-0332-z},
publisher={Springer US},
keywords={High angular resolution diffusion imaging (HARDI); Scale spaces; Lie groups; Partial differential equations},
author={Duits, Remco and Franken, Erik},
pages={231-264},
language={English}
}


@PHDTHESIS{Duong2011,
  TITLE = {{A new invariant of quadratic lie algebras and quadratic lie superalgebras}},
  AUTHOR = {Duong, Minh-Thanh},
  uuuuuuurl = {https://tel.archives-ouvertes.fr/tel-00673991},
  NUMBER = {2011DIJOS021},
  SCHOOL = {{Universit{\'e} de Bourgogne}},
  YEAR = {2011},
  KEYWORDS = {Pas de mot cl{\'e} en fran{\c c}ais},
  TYPE = {Theses},
  HAL_ID = {tel-00673991},
  HAL_VERSION = {v1},
}

@article{Dupuis1998,
    address = {Boston, MA, USA},
    author = {Dupuis, Paul and Grenander, Ulf},
    citeulike-article-id = {6350222},
    citeulike-linkout-0 = {http://portal.acm.org/citation.cfm?id=298844},
    issn = {0033-569X},
    journal = {Q. Appl. Math.},
    number = {3},
    pages = {587--600},
    posted-at = {2010-09-27 20:43:57},
    priority = {2},
    publisher = {American Mathematical Society},
    title = {{Variational problems on flows of diffeomorphisms for image matching}},
    uuuurl = {http://portal.acm.org/citation.cfm?id=298844},
    volume = {LVI},
    year = {1998}
}


@phdthesis{Durrleman2010,
  author    = {Stanley Durrleman},
  title     = {Statistical models of currents for measuring the variability of anatomical
               curves, surfaces and their evolution. (Mod{\`{e}}les statistiques
               de courants pour mesurer la variabilit{\'{e}} anatomique de courbes,
               de surfaces et de leur {\'{e}}volution)},
  school    = {University of Nice Sophia Antipolis, France},
  year      = {2010},
  uuuurl       = {https://tel.archives-ouvertes.fr/tel-00631382},
  timestamp = {Mon, 11 Jul 2016 18:16:18 +0200},
  bibuuuurl    = {http://dblp2.uni-trier.de/rec/bib/phd/hal/Durrleman10},
  bibsource = {dblp computer science bibliography, http://dblp.org}
}



@book{Drinfeld1987,
    AUTHOR = {Drinfeld, V. G.},
     TITLE = {Quantum groups},
 BOOKTITLE = {Proceedings of the {I}nternational {C}ongress of
              {M}athematicians, {V}ol. 1, 2 ({B}erkeley, {C}alif., 1986)},
     PAGES = {798--820},
 PUBLISHER = {Amer. Math. Soc., Providence, RI},
      YEAR = {1987},
   MRCLASS = {17B50 (16A24 17B65 57T05 58F07 82A05 82A15)},
  MRNUMBER = {934283 (89f:17017)},
}

@article{Efron1979,
 ISSN = {00905364},
 Uuuuuuurl = {http://www.jstor.org/stable/2958830},
 author = {B. Efron},
 journal = {The Annals of Statistics},
 number = {1},
 pages = {1-26},
 publisher = {Institute of Mathematical Statistics},
 title = {Bootstrap Methods: Another Look at the Jackknife},
 volume = {7},
 year = {1979}
}

@article{Efron1987,
  added-at = {2010-02-10T19:32:02.000+0100},
  author = {Efron, Bradley},
  bibuuuuuurl = {http://www.bibsonomy.org/bibtex/2685b9784e970e760e27a9c3e9c019648/peter.ralph},
  interhash = {bcba2ffd97cff7c22c72a79208b30b51},
  intrahash = {685b9784e970e760e27a9c3e9c019648},
  issn = {01621459},
  journal = {Journal of the American Statistical Association},
  keywords = {BCa bootstrap confidence},
  number = 397,
  pages = {171--185},
  publisher = {American Statistical Association},
  timestamp = {2010-02-10T19:32:03.000+0100},
  title = {Better Bootstrap Confidence Intervals},
  uuuuuurl = {http://www.jstor.org/stable/2289144},
  volume = 82,
  year = 1987
}



@misc{Efron1993,
  author = {Efron, B. and Tibshirani, R.},
  bibuuuuuuurl = {http://www.bibsonomy.org/bibtex/25e453c8ff829437e8b0010281b07eab7/richterek},
  interhash = {ea5821249b52ce553868b8151c980623},
  intrahash = {5e453c8ff829437e8b0010281b07eab7},
  keywords = {special\_relativity},
  mendeley-tags = {special\_relativity},
  publisher = {Macmillan Publishers Limited. All rights reserved},
  timestamp = {2010-07-23T07:14:59.000+0200},
  title = {{An Introduction to the Bootstrap}},
  type = {Miscellaneous},
  year = 1993
}


@Article{Ehlers2012,
author="Ehlers, J{\"u}rgen
and Pirani, Felix A. E.
and Schild, Alfred",
title="Republication of: The geometry of free fall and light propagation",
journal="General Relativity and Gravitation",
year="2012",
volume="44",
number="6",
pages="1587--1609",
issn="1572-9532",
ddddoi="10.1007/s10714-012-1353-4",
uuuurl="http://dx.ddddoi.org/10.1007/s10714-012-1353-4"
}


@INPROCEEDINGS{Elad2006,
    author = {Michael Elad and Michal Aharon},
    title = {Image denoising via learned dictionaries and sparse representation},
    booktitle = {In CVPR},
    year = {2006},
    pages = {17--22}
}

@book{Elewa2012,
 author = {Elewa, Ashraf M. T.},
 title = {Morphometrics for Nonmorphometricians},
 year = {2012},
 isbn = {3642263704, 9783642263705},
 publisher = {Springer }
} 

@article{Emery1991,
author = {\'Emery, M. and Mokobodzki, G.},
journal = {S\'eminaire de probabilit\'es de Strasbourg},
keywords = {martingales in manifolds; balayage},
language = {fre},
pages = {220-233},
publisher = {Springer - Lecture Notes in Mathematics},
title = {Sur le barycentre d'une probabilit\'e dans une vari\'et\'e},
uuuuuuurl = {http://eudml.org/doc/113758},
volume = {25},
year = {1991},
}

@article{Eriksson2001,
	author = {Eriksson, S. H. and Rugg-Gunn, F. J. and Symms, M. R. and Barker, G. J. and Duncan, J. S.},
	title = {Diffusion tensor imaging in patients with epilepsy and malformations of cortical development},
	volume = {124},
	number = {3},
	pages = {617--626},
	year = {2001},
	ddddoi = {10.1093/brain/124.3.617},
	publisher = {Oxford University Press},
	ssn = {0006-8950},
	uuuurl = {http://brain.oxfordjournals.org/content/124/3/617},
	eprint = {http://brain.oxfordjournals.org/content/124/3/617.full.pdf},
	journal = {Brain}
}

@inproceedings{Evans1993,
    author = {Evans, A. C. and Collins, D. L. and Millst, S. R. and Brown, E. D. and Kelly, R. L. and Peters, T. M.},
    citeulike-article-id = {7253872},
    editor = {Symposium, IEEE-Nuclear S. and and Medical Imaging Conference},
    keywords = {atlas, icbm},
    pages = {1813--1817},
    posted-at = {2010-06-04 22:06:22},
    priority = {2},
    title = {{3D statistical neuroanatomical models from 305 MRI volumes}},
    year = {1993}
}


@article{Evans2012,
author = {Evans, A.C. and Janke, A.L. and Collins, D.L. and Baillet, S.},
journal = {Neuroimage},
pages = {911-922},
publisher = {Springer - Lecture Notes in Mathematics},
title = {Brain templates and atlases},
uuuuuuurl = {http://www.ncbi.nlm.nih.gov/pubmed/22248580},
volume = {62(2)},
year = {2012},
}

@INPROCEEDINGS{Faraki2015, 
author={M. Faraki and M. T. Harandi and F. Porikli}, 
booktitle={2015 IEEE Winter Conference on Applications of Computer Vision}, 
title={Material Classification on Symmetric Positive Definite Manifolds}, 
year={2015}, 
volume={}, 
number={}, 
pages={749-756}, 
keywords={computational geometry;covariance analysis;image classification;image texture;CovD;E-VLAD;covariance descriptor;extrinsic vector-of-locally aggregated descriptor;material classification;second-order statistics;unified vector representation;vector representation;visual codebook;Databases;Manifolds;Materials;Measurement;Symmetric matrices;Training;Vectors;Material classification;Region covariance descriptor;Riemannian manifolds;Texture recognition;Vector of locally aggregated descriptors}, 
doi={10.1109/WACV.2015.105}, 
ISSN={1550-5790}, 
month={Jan},}

@article{Favre1987,
title = "Symmetric, invariant, non-degenerate bilinear form on a Lie algebra ",
journal = "Journal of Algebra ",
volume = "105",
number = "2",
pages = "451 - 464",
year = "1987",
note = "",
issn = "0021-8693",
dddddddddoi = "http://dx.dddddddddoi.org/10.1016/0021-8693(87)90209-2",
uuuuuuurl = "http://www.sciencedirect.com/science/article/pii/0021869387902092",
author = "Favre, G. and Santharoubane, L.J "
}

@article{Figueroa1996,
  title={On the structure of symmetric self-dual Lie algebras},
  author={Figueroa-O’Farrill, Jos{\'e} M and Stanciu, Sonia},
  journal={Journal of Mathematical Physics},
  volume={37},
  number={8},
  pages={4121--4134},
  year={1996},
  publisher={AIP Publishing}
}

@article{Fletcher2004,
  title={Principal geodesic analysis for the study of nonlinear statistics of shape},
  author={Fletcher, P Thomas and Lu, Conglin and Pizer, Stephen M and Joshi, Sarang},
  journal={IEEE transactions on medical imaging},
  volume={23},
  number={8},
  pages={995--1005},
  year={2004},
  publisher={IEEE}
}


@book{Frechet1944,
  title={L'int{\'e}grale abstraite d'une fonction abstraite d'une variable abstraite et son application a la moyenne d'un {\'e}l{\'e}ment al{\'e}atoire de nature quelconque},
  author={Fr\'echet, M.},
  uuuuuuurl={http://books.google.co.uk/books?id=9DjhHAAACAAJ},
  year={1944},
  publisher={La Revue Scientifique}
}

@article{Frechet1948,
author = {Fr\'echet, M.},
journal = {Annales de l'institut Henri Poincar\'e},
keywords = {Probability theory},
language = {fre},
number = {4},
pages = {215-310},
publisher = {Presses universitaires de France},
title = {Les \'el\'ements al\'eatoires de nature quelconque dans un espace distanci\'e},
uuuuuuurl = {http://eudml.org/doc/79021},
volume = {10},
year = {1948},
}

@article{Free2001,
title = "Landmark-Based Morphometrics of the Normal Adult Brain Using \{MRI\} ",
journal = "NeuroImage ",
volume = "13",
number = "5",
pages = "801 - 813",
year = "2001",
note = "",
issn = "1053-8119",
ddddddddoi = "http://dx.ddddddddoi.org/10.1006/nimg.2001.0748",
uuuuuurl = "http://www.sciencedirect.com/science/article/pii/S1053811901907487",
author = "S.L. Free and P. O'Higgins and D.D. Maudgil and I.L. Dryden and L. Lemieux and D.R. Fish and S.D. Shorvon"
}


@book{Frobenius1878,
  title={Ueber lineare Substitutionen und bilineare Formen},
  author={Frobenius, F.G.},
  uuuuuuurl={http://books.google.fr/books?id=FY9IygAACAAJ},
  year={1878},
  publisher={Reimer}
}

@article{Gao2017,
  author    = {Zhi Gao and
               Yuwei Wu and
               Xingyuan Bu and
               Yunde Jia},
  title     = {Learning a Robust Representation via a Deep Network on Symmetric Positive
               Definite Manifolds},
  journal   = {CoRR},
  volume    = {abs/1711.06540},
  year      = {2017},
  url       = {http://arxiv.org/abs/1711.06540},
  archivePrefix = {arXiv},
  eprint    = {1711.06540},
  timestamp = {Sun, 03 Dec 2017 12:38:15 +0100},
  biburl    = {https://dblp.org/rec/bib/journals/corr/abs-1711-06540},
  bibsource = {dblp computer science bibliography, https://dblp.org}
}


@article{Gerber2010,
  added-at = {2011-02-14T00:00:00.000+0100},
  author = {Gerber, Samuel and Tasdizen, Tolga and Fletcher, P. Thomas and Joshi, Sarang C. and Whitaker, Ross T.},
  bibuuuurl = {http://www.bibsonomy.org/bibtex/2e3f0d241221b8d923feb7639016a000d/dblp},
  ee = {http://dx.ddddoi.org/10.1016/j.media.2010.05.008},
  interhash = {1e1a42e3d04f5423efe20c2b8487cbc7},
  intrahash = {e3f0d241221b8d923feb7639016a000d},
  journal = {Medical Image Analysis},
  keywords = {dblp},
  number = 5,
  pages = {643-653},
  timestamp = {2011-04-29T15:21:07.000+0200},
  title = {Manifold modeling for brain population analysis.},
  uuuuurl = {http://dblp.uni-trier.de/db/journals/mia/mia14.html#GerberTFJW10},
  volume = 14,
  year = 2010
}



@ARTICLE{Gerber2012,
title = {Data Analysis with the Morse-Smale Complex: The msr Package for R},
author = {Gerber, Samuel and Potter, Kristin},
year = {2012},
journal = {Journal of Statistical Software},
volume = {050},
number = {i02},
uuuuuuurl = {http://EconPapers.repec.org/RePEc:jss:jstsof:v:050:i02}
}

@ARTICLE{GEOMSTATS,
title = {Geomstats: a python module for computations and statistics on manifolds},
author = {Miolane, N. and Mathe, J. and Pennec, X.},
year = {2018},
journal = {In preparation for submission to NIPS 2018.}
}


@article{GlobalData2012,
title = {{US} cloud computing market for medical imaging},
author = {GlobalData},
year= {2011},
journal = {Strategic Report}
}

@article{Goodall1991,
    author = {Goodall, Colin},
    citeulike-article-id = {4030772},
    citeulike-linkout-0 = {http://www.jstor.org/stable/2345744},
    journal = {Journal of the Royal Statistical Society. Series B (Methodological)},
    keywords = {new\_2, shape},
    number = {2},
    pages = {285--339},
    posted-at = {2009-02-10 16:32:44},
    priority = {2},
    publisher = {Blackwell Publishing for the Royal Statistical Society},
    title = {{Procrustes Methods in the Statistical Analysis of Shape}},
    uuuuuurl = {http://www.jstor.org/stable/2345744},
    volume = {53},
    year = {1991}
}

@article{Goodall1993,
author = "Goodall, Colin R. and Mardia, Kanti V.",
ddddoi = "10.1214/aos/1176349154",
fjournal = "The Annals of Statistics",
journal = "Ann. Statist.",
month = "06",
number = "2",
pages = "848--866",
publisher = "The Institute of Mathematical Statistics",
title = "Multivariate Aspects of Shape Theory",
uuuurl = "http://dx.ddddoi.org/10.1214/aos/1176349154",
volume = "21",
year = "1993"
}

@article{Goyal2017,
 author    = {Prasoon Goyal and
               Zhiting Hu and
               Xiaodan Liang and
               Chenyu Wang and
               Eric P. Xing},
  title     = {Nonparametric Variational Auto-encoders for Hierarchical Representation Learning},
  journal   = {CoRR},
  volume    = {abs/1703.07027},
  year      = {2017},
}

@book{Gower2004,
          volume = {30},
           month = {January},
          author = {John C. Gower and Garmt  B. Dijksterhuis},
          series = {Oxford Statistical Science Series},
         address = {Oxford, UK},
           title = {Procrustes problems},
       publisher = {Oxford University Press},
            year = {2004},
             uuuurl = {http://oro.open.ac.uk/2736/}
}

@INPROCEEDINGS{Granger2002,
    author = {Sébastien Granger and Xavier Pennec},
    title = {Multi-scale EM-ICP: A Fast and Robust Approach for Surface Registration},
    booktitle = {European Conference on Computer Vision (ECCV 2002), volume 2353 of LNCS},
    year = {2002},
    pages = {418--432},
    publisher = {Springer}
}

@book{Grenander1993,
  title={General pattern theory: a mathematical study of regular structures},
  author={Grenander, U.},
  lccn={94192330},
  series={Oxford mathematical monographs},
  uuuuuuurl={http://books.google.co.uk/books?id=Z-8YAQAAIAAJ},
  year={1993},
  publisher={Clarendon}
} 

@article{Grenander1998,
    author = {Grenander, U. and Miller, M.},
    title = {COMPUTATIONAL ANATOMY: AN EMERGING DISCIPLINE},
    year = {1998},
    journal={Quarterly of Applied Mathematics; LVI(4):617-694.}
}

@book{Grenander2007,
 author = {Grenander, Ulf and Miller, Michael},
 title = {Pattern Theory: From Representation to Inference},
 year = {2007},
 isbn = {0199297061, 9780199297061},
 publisher = {Oxford University Press, Inc.},
 address = {New York, NY, USA},
} 

@article{Grunwald1906,
year={1906},
issn={0026-9255},
journal={Monatshefte fuer Mathematik und Physik},
volume={17},
number={1},
ddddddddoi={10.1007/BF01697639},
title={Uber duale Zahlen und ihre Anwendung in der Geometrie},
publisher={Springer-Verlag},
author={Grunwald, Josef},
pages={81-136},
language={German}
}

@INPROCEEDINGS{Guimond2000,
AUTHOR = {A. Guimond and J. Meunier and J.-P. Thirion},
BOOKTITLE = {Proc. of First Int. Conf. on Medical Image Computing and Computer-Assisted Intervention (MICCAI'98)},
TITLE = {Automatic Computation of Average Brain Models},
YEAR = 1998,
ADDRESS = {Cambridge, USA},
MONTH = {October},
PAGES = {631--640},
PUBLISHER = {Springer},
SERIES = {LNCS},
VOLUME = 1496,
KEYWORDS = {registration, matching, atlas},
uuuuuurl-HAL = {http://hal.inria.fr/} 
}


@ARTICLE{Guenther2014,
  author = {D.~G\"unther and A.~Jacobson and J.~Reininghaus and H.-P.~Seidel and O.~Sorkine-Hornung and T.~Weinkauf},
  title = {Fast and Memory-Efficient Topological Denoising of 2{D} and 3{D} Scalar Fields},
  journal = {IEEE Transactions on Visualization and Computer Graphics (Proc. IEEE VIS)},
  year = {2014},
  volume = {20},
  pages = {2585--2594},
  number = {12},
  month = {December}
}



@article{Guts1984,
year={1984},
author={A. K. Guts and A. V. Levichev},
journal={Doklady Akademii Nauk SSSR},
volume={277},
number={6},
title={On the Foundations of Relativity Theory},
pages={pp. 1299-1303.}
}


@article{Guylassy2008,
author = {A. Gyulassy and P.-T. Bremer and B. Hamann and V. Pascucci},
title = {A Practical Approach to Morse-Smale Complex Computation: Scalability and Generality},
journal ={IEEE Transactions on Visualization and Computer Graphics},
volume = {14},
number = {6},
issn = {1077-2626},
year = {2008},
pages = {1619-1626},
dddddddoi = {http://ddddddoi.ieeecomputersociety.org/10.1109/TVCG.2008.110},
publisher = {IEEE Computer Society},
address = {Los Alamitos, CA, USA}
}

@article{Hadjhamou2016,
  TITLE = {{Longitudinal Analysis of Image Time Series with Diffeomorphic Deformations: A Computational Framework Based on Stationary Velocity Fields}},
  AUTHOR = {Hadj-Hamou, Mehdi and Lorenzi, Marco and Ayache, Nicholas and Pennec, Xavier},
  Uuuuuuurl = {https://hal.inria.fr/hal-01329989},
  JOURNAL = {{Frontiers in Neuroscience}},
  PUBLISHER = {{Frontiers}},
  YEAR = {2016},
  MONTH = Jun,
  Dddddddoi = {10.3389/fnins.2016.00236},
  KEYWORDS = {deformation-based morphometry ; non-linear registration ; longitudinal study ; diffeomorphism parametrized by stationary velocity fields ; statistical analysis ; reproducible research},
  PDF = {https://hal.inria.fr/hal-01329989/file/fnins-10-00236.pdf},
  HAL_ID = {hal-01329989},
  HAL_VERSION = {v1},
}


@INPROCEEDINGS{Hadsell2006, 
author={R. Hadsell and S. Chopra and Y. LeCun}, 
booktitle={2006 IEEE Computer Society Conference on Computer Vision and Pattern Recognition (CVPR'06)}, 
title={Dimensionality Reduction by Learning an Invariant Mapping}, 
year={2006}, 
volume={2}, 
number={}, 
pages={1735-1742}, 
keywords={Astronomy;Biology;Data visualization;Extraterrestrial measurements;Feature extraction;Geoscience;Image analysis;Image generation;Manufacturing industries;Service robots}, 
ddoi={10.1109/CVPR.2006.100}, 
ISSN={1063-6919}, 
month={},}

@article{Halkidi2001,
 author = {Halkidi, Maria and Batistakis, Yannis and Vazirgiannis, Michalis},
 title = {On Clustering Validation Techniques},
 journal = {J. Intell. Inf. Syst.},
 issue_date = {December 2001},
 volume = {17},
 number = {2-3},
 month = dec,
 year = {2001},
 issn = {0925-9902},
 pages = {107--145},
 numpages = {39},
 uuuuuurl = {http://dx.ddddddddoi.org/10.1023/A:1012801612483},
 ddddddddoi = {10.1023/A:1012801612483},
 acmid = {607609},
 publisher = {Kluwer Academic Publishers},
 address = {Hingham, MA, USA},
 keywords = {cluster validity, clustering algorithms, unsupervised learning, validity indices}
} 

@article{Han2003,
author = {Han, Xiao},
issn = {01628828},
journal = {IEEE Transactions on Pattern Analysis and Machine Intelligence},
number = {6},
pages = {755--768},
title = {{Topology preserving level set method for geometric deformable models}},
uuuuuuurl = {http://ieeexplore.ieee.org/lpdocs/epic03/wrapper.htm?arnumber=1201824},
volume = {25},
year = {2003}
}

@article{Harandi2014,
  author    = {Mehrtash Tafazzoli Harandi and
               Richard I. Hartley and
               Brian C. Lovell and
               Conrad Sanderson},
  title     = {Sparse Coding on Symmetric Positive Definite Manifolds using Bregman
               Divergences},
  journal   = {CoRR},
  volume    = {abs/1409.0083},
  year      = {2014},
  url       = {http://arxiv.org/abs/1409.0083},
  archivePrefix = {arXiv},
  eprint    = {1409.0083},
  timestamp = {Wed, 07 Jun 2017 14:41:05 +0200},
  biburl    = {https://dblp.org/rec/bib/journals/corr/HarandiHLS14},
  bibsource = {dblp computer science bibliography, https://dblp.org}
}

@article{Hendriks1991,
title = "A Cramer-Rao type lower bound for estimators with values in a manifold",
journal = "Journal of Multivariate Analysis",
volume = "38",
number = "2",
pages = "245 - 261",
year = "1991",
note = "",
issn = "0047-259X",
ddddoi = "http://dx.ddddoi.org/10.1016/0047-259X(91)90044-3",
uuuurl = "http://www.sciencedirect.com/science/article/pii/0047259X91900443",
author = "Harrie Hendriks",
}

@article{Hilgert1985,
year={1985},
issn={0026-9255},
journal={Monatshefte fuer Mathematik},
volume={100},
number={3},
dddddddddoi={10.1007/BF01299267},
title={Lorentzian cones in real Lie algebras},
uuuuuuurl={http://dx.dddddddddoi.org/10.1007/BF01299267},
publisher={Springer-Verlag},
author={Hilgert, Joachim and Hofmann, KarlH.},
pages={183-210},
language={English}
}

@article{Hofmann1986,
author = {Hofmann,Karl H. and Keith,Verena S.},
title = {Invariant quadratic forms on finite dimensional lie algebras},
journal = {Bulletin of the Australian Mathematical Society},
volume = {33},
issue = {01},
month = {2},
year = {1986},
issn = {1755-1633},
pages = {21--36},
numpages = {16},
dddddddddoi = {10.1017/S0004972700002835},
uuuuuurl = {http://journals.cambridge.org/article_S0004972700002835},
}

@Article{Hong2016,
  Author	= "Junpyo Hong and Jared Vicory and Jörn Schulz and Martin Styner and JS Marron and StephenM Pizer",
  Title		= "Non-Euclidean Classification of Medically Imaged Objects via s-reps",
  Year		= 2016,
  Month	= 07,
  Journal	= "Med Image Anal",
  Volume	= "31",
  Pages	= "37--45",
  Institution	= "Department of Computer Science, University of North Carolina at Chapel Hill, NC, USA. Electronic address: jphong@cs.unc.edu.",
  Sponsor	= "U54 EB005149/EB/NIBIB NIH HHS/United States
U54 HD079124/HD/NICHD NIH HHS/United States
",
  PubMedID	= "26963609",
  PMCID	= "PMC4821729",
  Keywords	= "Pattern classification, Shape analysis, Statistical analysis",
}

@article{Hou2018,
author = {Hou, B. and Miolane, N. and Khanal, B. and Lee, M. and Alansary, A. and McDonagh, S. and Hajnal, J. and Ruecket, D. and Glocker, B. and Kainz, B.},
journal = {Submitteed to MICCAI 2018.},
title = {Deep Pose Estimation for Image-Based Registration},
year = {2018}
}

@article{Huang2017,
    author = {Lei Huang and Xianglong Liu and  Bo Lang and Adams Wei Yu and Bo Li},
    title = {Orthogonal Weight Normalization: Solution to Optimization over Multiple Dependent Stiefel Manifolds in Deep Neural Networks},
   journal   = {CoRR},
  volume    = {abs/1709.06079},
  year      = {2017}}

@article{Hubel1977,
  title={Orientation columns in macaque monkey visual cortex demonstrated by the 2-deoxyglucose autoradiographic technique},
  author={Hubel, David and Willmer, CM and Rutter, JC},
  journal={Nature},
  volume={269},
  pages={22},
  year={1977}
}


@article{Huckemann2010,
  title={Intrinsic shape analysis: Geodesic principal component analysis for Riemannian manifolds modulo Lie group actions. },
  author={Huckemann, S and Hotz, T and Munk, A},
  journal={Statistica Sinica},
  volume={20},
  pages={1--100},
  year={2010}
}




@article{Hughes1996,
    Author = {Bruce {Hughes}},
    Title = {{Geometric topology of stratified spaces.}},
    FJournal = {{Electronic Research Announcements of the American Mathematical Society [electronic only]}},
    Journal = {{Electron. Res. Announc. Am. Math. Soc.}},
    ISSN = {1079-6762/e},
    Volume = {02},
    Number = {2},
    Pages = {73--81},
    Year = {1996},
    Publisher = {American Mathematical Society, Providence, RI},
    Language = {English},
    ddddddoi = {10.1090/S1079-6762-96-00010-8},
    MSC2010 = {57N80 57N37 57N40 55R65},
    Zbl = {0866.57018}
}

@book{Iversen1992,
      author        = "Iversen, Birger",
      title         = "{Hyperbolic geometry}",
      publisher     = "Cambridge University Press",
      address       = "Cambridge",
      series        = "London Mathematical Society Student Texts",
      year          = "1992",
      url           = "http://cds.cern.ch/record/1619216",
}

@ARTICLE{Jacobson2012,
  author = {A.~Jacobson and T.~Weinkauf and O.~Sorkine},
  title = {Smooth Shape-Aware Functions with Controlled Extrema},
  journal = {Computer Graphics Forum (Proc. SGP)},
  year = {2012},
  volume = {31},
  pages = {1577-1586},
  number = {5},
  month = {July},
  uuuuuuurl = {http://tinoweinkauf.net/publications/absjacobson12a.html}
}



@article{Jager1979,
year={1979},
issn={0025-2611},
journal={manuscripta mathematica},
volume={28},
number={1-3},
ddddddddddoi={10.1007/BF01647975},
title={Uniqueness and stability of harmonic maps and their Jacobi fields},
uuuuuuurl={http://dx.ddddddddddoi.org/10.1007/BF01647975},
publisher={Springer-Verlag},
author={Jager, Willi and Kaul, Helmut},
pages={269-291},
language={English}
}

@book{Johnson1994,
    author = {Johnson, Norman L. and Kotz, Samuel and Balakrishnan, N.},
    edition = {Volume 1},
    howpublished = {Hardcover},
    isbn = {0471584959},
    keywords = {statistical\_theory, statistics},
    priority = {2},
    year = {1994},
    publisher = {Wiley-Interscience},
    title = {{Continuous Univariate Distributions, Vol. 1 (Wiley Series in Probability and Statistics)}},
    uuuurl = {http://www.amazon.com/exec/obidos/redirect?tag=citeulike07-20\&path=ASIN/0471584959}
}



@article{Jones1987,
  title={An evaluation of the two-dimensional Gabor filter model of simple receptive fields in cat striate cortex},
  author={Jones, Judson P and Palmer, Larry A},
  journal={Journal of neurophysiology},
  volume={58},
  number={6},
  pages={1233--1258},
  year={1987},
  publisher={Am Physiological Soc}
}




@article{Joshi2000,
  author    = {Sarang C. Joshi and
               Michael I. Miller},
  title     = {Landmark matching via large deformation diffeomorphisms},
  journal   = {{IEEE} Trans. Image Processing},
  volume    = {9},
  number    = {8},
  pages     = {1357--1370},
  year      = {2000},
  uuuurl       = {http://dx.ddddoi.org/10.1109/83.855431},
  ddddoi       = {10.1109/83.855431},
  timestamp = {Wed, 09 Mar 2016 14:46:48 +0100},
  bibuuuurl    = {http://dblp.uni-trier.de/rec/bib/journals/tip/JoshiM00},
  bibsource = {dblp computer science bibliography, http://dblp.org}
}



@ARTICLE{Joshi2004,
    author = {S. Joshi and Brad Davis and B Matthieu Jomier and Guido Gerig B},
    title = {Unbiased diffeomorphic atlas construction for computational anatomy},
    journal = {Neuroimage},
    year = {2004},
    volume = {23},
    pages = {151--160}
}

@incollection{Joshi2006,
year={2006},
isbn={978-0-8176-4376-8},
booktitle={Statistics and Analysis of Shapes},
sseries={Modeling and Simulation in Science, Engineering and Technology},
eeditor={Krim, Hamid and Yezzi, Anthony, Jr.},
ddddddddddoi={10.1007/0-8176-4481-4_13},
title={Riemannian Structures on Shape Spaces: A Framework for Statistical Inferences},
uuuuuuurl={http://dx.dddddddddoi.org/10.1007/0-8176-4481-4_13},
publisher={Birkhaeuser Boston},
keywords={Riemannian metrics; shape statistics; shape clustering; TPCA},
author={Joshi, Shantanu and Kaziska, David and Srivastava, Anuj and Mio, Washington},
pages={313-333},
language={English}
}


@article{Jung2012,
author = {Jung, Sungkyu and Dryden, Ian L. and Marron, J. S.},
title = {Analysis of principal nested spheres},
journal = {Biometrika},
volume = {99},
number = {3},
pages = {551-568},
year = {2012},
doi = {10.1093/biomet/ass022},
URL = {http://dx.doi.org/10.1093/biomet/ass022},
eprint = {/oup/backfile/content_public/journal/biomet/99/3/10.1093_biomet_ass022/1/ass022.pdf}
}


@article{Jupp1989,
 ISSN = {03067734, 17515823},
 uuuurl = {http://www.jstor.org/stable/1403799},
 author = {P. E. Jupp and K. V. Mardia},
 journal = {International Statistical Review / Revue Internationale de Statistique},
 number = {3},
 pages = {261-294},
 publisher = {[Wiley, International Statistical Institute (ISI)]},
 title = {A Unified View of the Theory of Directional Statistics, 1975-1988},
 volume = {57},
 year = {1989}
}


@article {Karcher1977,
author = {Karcher, H.},
title = {Riemannian center of mass and mollifier smoothing},
journal = {Communications on Pure and Applied Mathematics},
volume = {30},
number = {5},
publisher = {Wiley Subscription Services, Inc., A Wiley Company},
issn = {1097-0312},
uuuuuuurl = {http://dx.ddddddddddoi.org/10.1002/cpa.3160300502},
ddddddddddoi = {10.1002/cpa.3160300502},
pages = {509--541},
year = {1977},
}

@book{Karger1985,
title = { Space kinematics and Lie groups },
author = { Karger, Adolf and Nov\'ak, Josef, 1905- },
publisher = { New York : Gordon and Breach Science Publishers },
year = { 1985 },
type = { Book; Book/Illustrated },
iisbn = { 2881240232 (Switzerland) },
subjects = { Kinematics; Lie groups },
language = { English },
note = { Translation of: Prostorov\'a kinematika a Liehovy grupy },
catalogue-uuuuuuuuurl = { http://trove.nla.gov.au/work/18731629 }
}


@article{Kath2004,
author = {Ines Kath and Martin Olbrich},
title = {{Metric Lie algebras with maximal isotropic centre}},
journal = {Mathematische Zeitschrift},
volume = {246},
year = {2004},
pages = {23--53},
issue = {1},
ddddddddddoi = {10.1007/s00209-003-0575-2},
masid = {12563151}
}

@article{Kath2006,
author = {Ines Kath and Martin Olbrich},
title = {{Metric Lie algebras and quadratic extensions}},
journal = {Transformation Groups},
volume = {11},
year = {2006},
pages = {87--131},
issue = {1},
ddddddddddoi = {10.1007/s00031-005-1106-5},
masid = {12586224}
}

@PhDthesis{Keith1984,
  title={On Invariant Bilinear Forms on Finite-dimensional Lie Algebras},
  author={Keith, V.S.},
  uuuuuuurl={http://books.google.fr/books?id=xULuNwAACAAJ},
  year={1984},
  school={Tulane University},
  type= {PhD Thesis}
}

@article{Kendall1977,
  title={The diffusion of shape},
  author={Kendall, David G},
  journal={Advances in applied probability},
  volume={9},
  number={3},
  pages={428--430},
  year={1977},
  publisher={JSTOR}
}


@article{Kendall1984,
author = {Kendall, David G.}, 
title = {Shape Manifolds, {P}rocrustean Metrics, and Complex Projective Spaces},
volume = {16}, 
number = {2}, 
pages = {81-121}, 
year = {1984}, 
ddddddddddoi = {10.1112/blms/16.2.81}, 
Uuuuuuurl = {http://blms.oxfordjournals.org/content/16/2/81.abstract}, 
journal = {Bulletin of the London Mathematical Society} 
}

@article{Kendall1989,
     jstor_articletype = {research-article},
     title = {A Survey of the Statistical Theory of Shape},
     author = {Kendall, David G.},
     journal = {Statistical Science},
     jstor_issuetitle = {},
     volume = {4},
     number = {2},
     jstor_formatteddate = {May, 1989},
     pages = {pp. 87-99},
     uuuuuuurl = {http://www.jstor.org/stable/2245331},
     ISSN = {08834237},
     language = {English},
     year = {1989},
     publisher = {Institute of Mathematical Statistics},
     copyright = {Copyright © 1989 Institute of Mathematical Statistics},
    }


@article{Kendall1990,
author = {Kendall, Wilfrid S.}, 
title = {Probability, Convexity, and Harmonic Maps with Small Image {I}: Uniqueness and Fine Existence},
volume = {s3-61}, 
number = {2}, 
pages = {371-406}, 
year = {1990}, 
ddddddddddoi = {10.1112/plms/s3-61.2.371}, 
journal = {Proceedings of the London Mathematical Society} 
}

@article{Kendall1991,
author = {Kendall, Wilfrid S.}, 
title = {Convexity and the Hemisphere},
volume = {s2-43}, 
number = {3}, 
pages = {567-576}, 
year = {1991}, 
ddddddddddoi = {10.1112/jlms/s2-43.3.567}, 
abstract ={An explicit construction is given of continuous bounded non-negative convex functions which are defined on the product of a small hemisphere with itself and which vanish precisely on the diagonal. It is shown that no such function exists for the strict hemisphere, even if the boundedness requirement is lifted. The generalization to regular geodesic balls is indicated.}, 
uuuuuuurl = {http://jlms.oxfordjournals.org/content/s2-43/3/567.abstract}, 
journal = {Journal of the London Mathematical Society} 
}

@book{Kendall1999,
   Author = {Kendall, D.G. and Barden, D. and Carne, T.K. and Le, H.L.},
   Title = {Shape and Shape Theory},
   Publisher = {Wiley},
   Address = {Chichester},
 Year = {1999} }
 
 @article{Kendall2015,
  author    = {Alex Kendall and
               Matthew Grimes and
               Roberto Cipolla},
  title     = {Convolutional networks for real-time 6-DOF camera relocalization},
  journal   = {CoRR},
  volume    = {abs/1505.07427},
  year      = {2015},
  url       = {http://arxiv.org/abs/1505.07427},
  archivePrefix = {arXiv},
  eprint    = {1505.07427},
  timestamp = {Wed, 07 Jun 2017 14:41:53 +0200},
  biburl    = {https://dblp.org/rec/bib/journals/corr/KendallGC15},
  bibsource = {dblp computer science bibliography, https://dblp.org}
}

@article{Kent1997,
   Author = {Kent, J.T. and Mardia, K.V.},
   Title = {Consistency of Procrustes estimators},
   Journal = {Journal of the Royal Statistical Society, Series B},
   Volume = {59},
   Pages = {281-290},
   Note = {TY  - JOUR
TY - JOUR
RP  - NOT IN FILE},
 Keywords = {morphometrics,EDMA,Procrustes procrustes
procrustes},
   Year = {1997} }
   
 @article{Kent2005,
  author = {Kent, J.T. and Hamelryck, T.},
  year = {2005},
  title = {Using the Fisher-Bingham distribution in stochastic models for protein structure},
  editor = {In S. Barber, P.D. Baxter, K.V.Mardia, & R.E. Walls (Eds.)  Leeds, Leeds University Press. },
  journal = {Quantitative Biology, Shape Analysis, and Wavelets},
  pages = {57-60}
  }

@article{Kenwright2012,
  note = {WSCG 2012 Communication Proceedings},
  title = {A Beginners Guide to Dual-Quaternions: What They Are, How They Work, and How to Use Them for 3D Character Hierarchies},
  journal = {The 20th International Conference on Computer Graphics, Visualization and Computer Vision},
  author = {Ben Kenwright},
  year = 2012,
  pages = {1--13},
  uuuuuuurl = {http://wscg.zcu.cz/wscg2012/short/A29-full.pdf},
}

@misc{keras,
  title={Keras},
  author={Chollet, Fran\c{c}ois and others},
  year={2015},
  howpublished={\url{https://keras.io}},
}

@article{Khanal2016,
title = "A biophysical model of brain deformation to simulate and analyze longitudinal \{MRIs\} of patients with Alzheimer's disease ",
journal = "NeuroImage ",
volume = "134",
number = "",
pages = "35 - 52",
year = "2016",
note = "",
issn = "1053-8119",
ddddoi = "http://dx.ddddoi.org/10.1016/j.neuroimage.2016.03.061",
uuuurl = "http://www.sciencedirect.com/science/article/pii/S1053811916300052",
author = "Bishesh Khanal and Marco Lorenzi and Nicholas Ayache and Xavier Pennec",
keywords = "Biophysical model",
keywords = "Alzheimer's disease",
keywords = "Simulation of atrophy",
keywords = "Longitudinal \{MRIs\} simulation",
keywords = "Longitudinal modeling "
}



@article{Kitagawa1977,
author = {Kitagawa, G.},
title = {An algorithm for solving the matrix equation X = FXF T + S},
journal = {International Journal of Control},
volume = {25},
number = {5},
pages = {745-753},
year = {1977},
ddddddddddoi = {10.1080/00207177708922266}
}

@ARTICLE{Kneip2008,
title = {Combining Registration and Fitting for Functional Models},
author = {Kneip, Alois and Ramsay, James O},
year = {2008},
journal = {Journal of the American Statistical Association},
volume = {103},
number = {483},
pages = {1155-1165},
uuuuuurl = {http://EconPapers.repec.org/RePEc:bes:jnlasa:v:103:i:483:y:2008:p:1155-1165}
}


@article{Koenderink1987,
year={1987},
issn={0340-1200},
journal={Biological Cybernetics},
volume={55},
number={6},
dddddddddoi={10.1007/BF00318371},
title={Representation of local geometry in the visual system},
uuuuuuurl={http://dx.dddddddddoi.org/10.1007/BF00318371},
publisher={Springer-Verlag},
author={Koenderink, J.J. and van Doorn, A.J.},
pages={367-375},
language={English}
}

@article{Kriegl1997,
author = {Kriegl, Andreas, Michor, Peter W.}, 
title = {Regular infinite dimensional Lie groups},
journal = {Journal of Lie Theory}, 
keywords = {infinite dimensional Lie groups; diffeomorphism groups; regular Lie groups; manifolds; exponential map; Lie algebra}, 
language = {eng}, 
number = {1}, p
ages = {61-99}, 
year = {1997},
publisher = {Heldermann Verlag}
}

@Article{Kubicki2007,
  Author	= "Marek Kubicki and Robert McCarley and Carl-Fredrik Westin and Hae-Jeong Park and Stephan Maier and Ron Kikinis and Ferenc Jolesz and Martha Shenton",
  Title		= "A Review of Diffusion Tensor Imaging Studies in Schizophrenia",
  Journal = "Journal of Psychiatric Research",
  Year		= 2007,
  Month	= 01,
  Volume	= "41",
  Number	= "1-2",
  Pages	= "15--30",
  Publisher	= "Elsevier Science",
  Institution	= "Clinical Neuroscience Division, Laboratory of Neuroscience, Boston VA Health Care System-Brockton Division, Department of Psychiatry, Harvard Medical School, Boston, MA, USA.",
  PubMedID	= "16023676",
  PMCID	= "PMC2768134",
  Language	= en_US,
  Keywords	= "Diffusion Tensor Imaging, Schizophrenia, White matter, Fiber Tracts, Projects:DTIStochasticTractographyClinical",
}


@inproceedings{Kurtek2011,
    Author = {Sebastian A. Kurtek and Anuj Srivastava and Wei Wu},
    Uuuuuuurl = {http://books.nips.cc/papers/files/nips24/NIPS2011_0477.pdf},
    Booktitle = {Advances in Neural Information Processing Systems 24},
    Title = {Signal Estimation Under Random Time-Warpings and Nonlinear Signal Alignment},
    Editor = {J. Shawe-taylor and R.s. Zemel and P. Bartlett and F.c.n. Pereira and K.q. Weinberger},
    Year = {2011},
    Pages = {675--683}
   } 

@article{Le1993,
author = "Le, Huiling and Kendall, David G.",
ddddddddddoi = "10.1214/aos/1176349259",
journal = "The Annals of Statistics",
month = "09",
number = "3",
pages = "1225--1271",
publisher = "The Institute of Mathematical Statistics",
title = "The Riemannian Structure of Euclidean Shape Spaces: A Novel Environment for Statistics",
uuuuuuurl = "http://dx.ddddddddddoi.org/10.1214/aos/1176349259",
volume = "21",
year = "1993"
}

@Article{Le1998,
  author =       "Huiling Le",
  title =        "On the Consistency of Procrustean Mean Shapes",
  volume =       "30",
  number =       "1",
  pages =        "53--63",
  month =        mar,
  year =         "1998",
  CODEN =        "AAPBBD",
  dddddddddoi =          "http://dx.dddddddddoi.org/10.2307/1427875",
  ISSN =         "0001-8678 (print), 1475-6064 (electronic)",
  ISSN-L =       "0001-8678",
  bibdate =      "Sat May 3 07:42:28 MDT 2014",
  bibsource =    "http://www.jstor.org/stable/i262317;
                 http://www.math.utah.edu/pub/tex/bib/advapplprob.bib",
  uuuuuurl =          "http://www.jstor.org/stable/1427875",
  acknowledgement = ack-nhfb,
  journal =     "Advances in Applied Probability",
  journal-uuuuuurl =  "http://www.jstor.org/journals/00018678.html",
}

@article{Le2004,
author = {Huiling, Le},
title = {Estimation of {R}iemannian Barycentres},
journal = {LMS Journal of Computation and Mathematics},
volume = {7},
month = {1},
year = {2004},
issn = {1461-1570},
pages = {193--200},
numpages = {8},
dddddddddoi = {10.1112/S1461157000001091},
uuuuuuurl = {http://journals.cambridge.org/article_S1461157000001091},
}



@article{Lebihan2001,
author= "Denis Le Bihan, Jean-Franc¸ois Mangin, Cyril Poupon, Chris A. Clark, Sabina Pappata, Nicolas Molko, Hughes Chabriat",
title= "Diffusion Tensor Imaging: Concepts and Applications",
journal= "Journal of Magnetic Resonance Imaging",
year= "2001"
} 

@Book{Lehmann1998,
  Author         = "E.L. Lehmann and G. Casella",
  Title          = "{Theory of Point Estimation}",
  Publisher      = "Springer Verlag",
  isbn           = "0387985026",
  year           = 1998
}

@book{Lee2007,
 author = {Lee, John A. and Verleysen, Michel},
 title = {Nonlinear Dimensionality Reduction},
 year = {2007},
 isbn = {0387393501, 9780387393506},
 edition = {1st},
 publisher = {Springer Publishing Company, Incorporated}
} 

@article{Lele1993,
   Author = {Lele, S.},
   Title = {Euclidean distance matrix analysis ({EDMA}): estimation of mean form and mean form difference},
   Journal = {Mathematical Geology},
   Volume = {25},
   Pages = {573-602},
 Keywords = {edma
edma procrustes; EDMA; superimposition},
   Year = {1993} }

@book{Levi1905,
Author={Levi, E.},
Title={Sulla struttura dei gruppi finiti e continui},
Year={1905},
Language={Italian},
publisher={Atti della Reale Accademia delle Scienze di Torino},
volume={40},
pages={551-65}
}

@article{Li2008,
author = {Li, Jia-Yi and Englund, Elisabet and Holton, Janice and Soulet, Denis and Hagell, Peter and Lees, Andrew and Lashley, Tammaryn and Quinn, Niall and Rehncrona, Stig and  Bjorklund, Anders and Widner, Hakan and Revesz, Tamas and Lindvall, Olle and Brundin, Patrik},
journal = {Nature},
publisher = {Nature Publishing Group},
title = {Lewy bodies in grafted neurons in subjects with Parkinson's disease suggest host-to-graft disease propagation},
volume = {14},
year = {2008}
}

@misc{lielearn,
  author = {Cohen, T. and Geiger, M. and Koehler, J.},
  title={LieLearn: Computations involving Lie groups and harmonic analysis.},
  year={2017},
  url={https://github.com/AMLab-Amsterdam/lie_learn},
  publisher={Unpublished}
}

@Inbook{Lifshits1995,
author="Lifshits, M. A.",
title="Infinite-Dimensional Gaussian Distributions",
bookTitle="Gaussian Random Functions",
year="1995",
publisher="Springer Netherlands",
address="Dordrecht",
pages="68--83",
isbn="978-94-015-8474-6",
dddddddoi="10.1007/978-94-015-8474-6_8",
uuuuuurl="http://dx.dddddddoi.org/10.1007/978-94-015-8474-6_8"
}

@inproceedings{Liu2017,
    title={Deep Hyperspherical Learning},
    author={Liu, Weiyang and Zhang, Yan-Ming and Li, Xingguo and Yu, Zhiding and Dai, Bo and Zhao, Tuo and Song, Le},
    booktitle={Advances in Neural Information Processing Systems},
    pages={3953--3963},
    year={2017}
}


@Inbook{Lorenzen2005,
author="Lorenzen, Peter
and Davis, Brad C.
and Joshi, Sarang",
editor="Duncan, James S.
and Gerig, Guido",
title="Unbiased Atlas Formation Via Large Deformations Metric Mapping",
bookTitle="Medical Image Computing and Computer-Assisted Intervention -- MICCAI 2005: 8th International Conference, Palm Springs, CA, USA, October 26-29, 2005, Proceedings, Part II",
year="2005",
publisher="Springer Berlin Heidelberg",
address="Berlin, Heidelberg",
pages="411--418",
isbn="978-3-540-32095-1",
dddddddoi="10.1007/11566489_51",
uuuuuurl="http://dx.dddddddoi.org/10.1007/11566489_51"
}

@INPROCEEDINGS{Lorenzi2010,
AUTHOR = {Marco Lorenzi and Nicholas Ayache and G. Frisoni and Xavier Pennec},
BOOKTITLE = {Miccai Workshop on Spatio-Temporal Image Analysis for Longitudinal and Time-Series Image Data},
TITLE = {4D registration of serial brain MR's images: a robust measure of changes applied to Alzheimer's disease},
YEAR = 2010,
X-INTERNATIONAL-AUDIENCE ={yes},
X-PAYS = {IT},
X-PROCEEDINGS ={yes},
ADDRESS = {Beijing, China},
MONTH = {September},
NOTE = {Best Oral Presentation award},
uuuurl = {http://www.inria.fr/sophia/asclepios/Publications/Marco.Lorenzi/4D-registration-Lorenzi.pdf},
uuuurl-HAL = {http://hal.inria.fr/} 
}



@INPROCEEDINGS{Lorenzi2011,
AUTHOR = {Marco Lorenzi and Nicholas Ayache and Giovanni B. Frisoni and Xavier Pennec},
BOOKTITLE = {Proceedings of Medical Image Computing and Computer Assisted Intervention (MICCAI)},
TITLE = {Mapping the effects of {A$\beta_{1-42}$} levels on the longitudinal changes in healthy aging: hierarchical modeling based on stationary velocity fields},
YEAR = 2011,
X-INTERNATIONAL-AUDIENCE ={yes},
X-PROCEEDINGS ={yes},
PAGES = {663--670},
PUBLISHER = {Springer},
SERIES = {LNCS},
Volume = 6892,
dddddddddoi = "10.1007/978-3-642-23629-7_81",
Uuuuuuurl = {http://www.inria.fr/sophia/asclepios/Publications/Marco.Lorenzi/LorenziMICCAI2011.pdf},
X-INVITED-CONFERENCE ={no},
X-SCIENTIFIC-POPULARIZATION ={no},
uuuuuurl-HAL = {http://hal.inria.fr/inria-00616213/en/},
HAL-IDENTIFIANT ={inria-00616213} 
}

@article{Lorenzi2013,
  TITLE = {{LCC-Demons: a robust and accurate symmetric diffeomorphic registration algorithm}},
  AUTHOR = {Lorenzi, Marco and Ayache, Nicholas and Frisoni, Giovanni B. and Pennec, Xavier},
  uuuurl = {https://hal.inria.fr/hal-00819895},
  JOURNAL = {{NeuroImage}},
  PUBLISHER = {{Elsevier}},
  VOLUME = {81},
  NUMBER = {1},
  PAGES = {470-483},
  YEAR = {2013},
  ddddoi = {10.1016/j.neuroimage.2013.04.114},
  PDF = {https://hal.inria.fr/hal-00819895/file/Lorenzi-LCC2012.pdf},
  HAL_ID = {hal-00819895},
  HAL_VERSION = {v2},
}

@Inbook{Lorenzi2013b,
author="Marco, Lorenzi
and Pennec, Xavier",
title="Parallel Transport with Pole Ladder: Application to Deformations of Time Series of Images",
bookTitle="Geometric Science of Information: First International Conference, GSI 2013, Paris, France, August 28-30, 2013. Proceedings",
year="2013",
publisher="Springer Berlin Heidelberg",
address="Berlin, Heidelberg",
pages="68--75",
issbn="978-3-642-40020-9",
dddddoi="10.1007/978-3-642-40020-9_6",
uuuuurl="http://dx.ddddoi.org/10.1007/978-3-642-40020-9_6"
}



@article{Lytchak2010,
author = "Lytchak, Alexander and Thorbergsson, Gudlaugur",
fjournal = "Journal of Differential Geometry",
journal = "J. Differential Geom.",
number = "1",
pages = "117--140",
publisher = "Lehigh University",
title = "Curvature explosion in quotients and applications",
uuuuuuurl = "http://projecteuclid.org/euclid.jdg/1284557927",
volume = "85",
year = "2010"
}


@article{MacDonald2000,
  title={Automated 3-D extraction of inner and outer surfaces of cerebral cortex from MRI},
  author={MacDonald, David and Kabani, Noor and Avis, David and Evans, Alan C},
  journal={NeuroImage},
  volume={12},
  number={3},
  pages={340--356},
  year={2000},
  publisher={Elsevier}
}


@Article{Mangin1995,
author="Mangin, Jean-Fran{\c{c}}ois
and Frouin, Vincent
and Bloch, Isabelle
and R{\'e}gis, Jean
and L{\'o}pez-Krahe, Jaime",
title="From 3D magnetic resonance images to structural representations of the cortex topography using topology preserving deformations",
journal="Journal of Mathematical Imaging and Vision",
year="1995",
volume="5",
number="4",
pages="297--318",
issn="1573-7683",
ddddddddoi="10.1007/BF01250286",
uuuuuuurl="http://dx.dddddddoi.org/10.1007/BF01250286"
}

@article{Mardia1999,
author = { K. V.   Mardia },
title = {Directional statistics and shape analysis},
journal = {Journal of Applied Statistics},
volume = {26},
number = {8},
pages = {949-957},
year = {1999},
ddddoi = {10.1080/02664769921954},
uuuurl = {         http://dx.ddddoi.org/10.1080/02664769921954    },
eprint = {         http://dx.ddddoi.org/10.1080/02664769921954}
}

@book{Mardia2000,
  title={Directional statistics},
  author={Mardia, K.V. and Jupp, P.E.},
  isbn={9780471953333},
  lccn={lc99033679},
  series={Wiley series in probability and statistics},
  url={https://books.google.com/books?id=zjPvAAAAMAAJ},
  year={2000},
  publisher={Wiley}
}



@Inbook{Marsland2003,
author="Marsland, Stephen
and Twining, Carole J.
and Taylor, Chris J.",
editor="Ellis, Randy E.
and Peters, Terry M.",
title="Groupwise Non-rigid Registration Using Polyharmonic Clamped-Plate Splines",
bookTitle="Medical Image Computing and Computer-Assisted Intervention - MICCAI 2003: 6th International Conference, Montr{\'e}al, Canada, November 15-18, 2003. Proceedings",
year="2003",
publisher="Springer Berlin Heidelberg",
address="Berlin, Heidelberg",
pages="771--779",
isbn="978-3-540-39903-2",
dddddddoi="10.1007/978-3-540-39903-2_94",
uuuuuurl="http://dx.dddddddoi.org/10.1007/978-3-540-39903-2_94"
}



@MISC{Mathematica,
author={Wolfram Research},
title={Mathematica 8.0},
journal={Wolfram Research Inc.},
address={Champaign, Illinios},
edition={8.0},
year={2010}
}

@book{Matheron1975,
   title = "Random sets and integral geometry",
   author = "Matheron, G. Georges",
   series = "Wiley series in probability and mathematical statistics",
   publisher = "Wiley",
   address = "New York, London",
   uuuurl = "http://opac.inria.fr/record=b1086458",
   isbn = "0-471-57621-2",
   note = "Includes index",
   year = 1975
}

@article{Medina1982,
    Author = {Medina, A.},
    Title = {Groupes de Lie munis de pseudo-m\'etriques de Riemann bi-invariantes.},
    Year = {1982},
    Language = {French},
    journal = {{S\'emin. g\'eom\'etrie diff\'erentielle 1981-1982, Montepellier 1982, Exp. No.6, 37 p. (1982).}},
    MSC2010 = {22E60 53C50 53C25},
    Zbl = {0532.22018}
}

@article{Medina1985,
author = {Medina, A. and Revoy, P.},
journal = {Annales scientifiques de l'\'Ecole Normale Sup\'erieure},
keywords = {indecomposable Lie algebra; invariant scalar product; double extension; cohomology space},
language = {fre},
number = {3},
pages = {553-561},
publisher = {Société mathématique de France},
title = {Alg\`ebres de Lie et produit scalaire invariant},
uuuuuuurl = {http://eudml.org/doc/82165},
volume = {18},
year = {1985},
}

@article{Medina1985bis,
year={1985},
issn={0025-2611},
journal={manuscripta mathematica},
volume={52},
number={1-3},
dddddddddoi={10.1007/BF01171487},
title={Les groupes oscillateurs et leurs reseaux},
publisher={Springer-Verlag},
author={Medina, Alberto and Revoy, Philippe},
pages={81-95},
language={French}
}

@article{Michor2013,
author={Michor, Peter W. and Mumford, David},
title={A zoo of diffeomorphism groups on Rn},
journal={Annals of Global Analysis and Geometry},
year={2013},
volume={44},
number={4},
pages={529--540},
issn={1572-9060}
}

@Article{Miller1997,
  author =    "M. Miller and A. Banerjee and G. Christensen and
              S. Joshi and N. Khaneja and U. Grenander and L.
              Matejic",
  title =     "Statistical Methods in Computational Anatomy",
  journal =   "Stat Methods Med Res",
  volume =    "6",
  number =    "3",
  pages =     "267--299",
  year =      "1997",
  month =     "September"
}



@article{Milnor1976,
title = "Curvatures of left invariant metrics on {L}ie groups ",
journal = "Advances in Mathematics ",
volume = "21",
number = "3",
pages = "293 - 329",
year = "1976",
note = "",
issn = "0001-8708",
ddddddddddoi = "http://dx.ddddddddddoi.org/10.1016/S0001-8708(76)80002-3",
uuuuuurl = "http://www.sciencedirect.com/science/article/pii/S0001870876800023",
author = "John Milnor"
}

@article{Miolane2014,
TITLE = {Statistics on Lie groups : a need to go beyond the pseudo-Riemannian framework.},
AUTHOR = {Miolane, Nina and Pennec, Xavier},
journal = {MaxEnt 2014, Sep 2014, Amboise, France},
year = {2014},
number = {1641}, 
pages = {59-67}
}

@article{Miolane2015a,
  TITLE = {{Computing Bi-Invariant Pseudo-Metrics on Lie Groups for Consistent Statistics}},
  AUTHOR = {Miolane, Nina and Pennec, Xavier},
  Uuuuuuurl = {https://hal.inria.fr/hal-01133922},
  JOURNAL = {{Entropy}},
  PUBLISHER = {{MDPI}},
  VOLUME = {17},
  NUMBER = {4},
  PAGES = {1850-1881},
  YEAR = {2015},
  MONTH = Apr,
  dddddddddoi = {10.3390/e17041850},
  PDF = {https://hal.inria.fr/hal-01133922/file/entropy-17-01850.pdf},
  HAL_ID = {hal-01133922},
  HAL_VERSION = {v1},
}

@article{Miolane2015b,
title = {Biased estimators on quotient spaces},
  AUTHOR = {Miolane, Nina and Pennec, Xavier},
  year = 2015,
    JOURNAL = {Proceedings of the 2nd international of Geometric Science of Information (GSI'2015)},
    publisher = {accepted}
    }
    
@article{Miolane2015c,
title = {A survey of mathematical structures for extending 2D neurogeometry to 3D image processing},
  AUTHOR = {Miolane, Nina and Pennec, Xavier},
  year = 2015,
    JOURNAL = {MCV Miccai Workshop 2015},
    publisher = {accepted}
    }

@article{Miolane2017,
  TITLE = {{Template shape estimation: correcting an asymptotic bias}},
  AUTHOR = {Miolane, Nina and Holmes, Susan and Pennec, Xavier},
  uuuuuurl = {https://hal.archives-ouvertes.fr/hal-01350508},
  YEAR = {2017},
  KEYWORDS = {template ; quotient space ; shape ; bias ; geometry ; consistency ; manifold},
  JOURNAL = {SIAM Journal of Imaging Science},
  PDF = {https://hal.archives-ouvertes.fr/hal-01350508/file/siims_hal.pdf},
  HAL_ID = {hal-01350508},
  HAL_VERSION = {v1},
}

@article{Miolane2018,
  AUTHOR = {Miolane, Nina and Holmes, Susan and Pennec, Xavier},
 TITLE = {Hierarchical brain template respecting  topological constraints.},
  YEAR = {2018},
  JOURNAL = {SIAM Journal of Applied Geometry and Algebra},
}


@PHDTHESIS{Motsak2006,
AUTHOR = {Motsak,O.},
SCHOOL = {Technische Universit\"at Kaiserslautern},
TITLE = {Computation of the central elements and centralizers of sets of elements in non-commutative polynomial algebras},
YEAR = 2006,
TYPE = {Th\`ese de sciences (PhD Thesis)},
}


@book{Nakahara2003,
   title = "Geometry, topology, and physics",
   author = "Nakahara, Mikio",
   series = "Graduate student series in physics",
   publisher = "Institute of Physics Publishing",
   address = "Bristol, Philadelphia",
   uuuurl = "http://opac.inria.fr/record=b1120046",
   isbn = "0-7503-0606-8",
   year = 2003
}

@incollection{Nickel2017,
title = {Poincar\'{e} Embeddings for Learning Hierarchical Representations},
author = {Nickel, Maximillian and Kiela, Douwe},
booktitle = {Advances in Neural Information Processing Systems 30},
editor = {I. Guyon and U. V. Luxburg and S. Bengio and H. Wallach and R. Fergus and S. Vishwanathan and R. Garnett},
pages = {6338--6347},
year = {2017},
publisher = {Curran Associates, Inc.},
uuurl = {http://papers.nips.cc/paper/7213-poincare-embeddings-for-learning-hierarchical-representations.pdf}
}


@inproceedings{Nicolau2003,
  TITLE = {{Evaluation of a New 3D/2D Registration Criterion for Liver Radio-Frequencies Guided by Augmented Reality}},
  AUTHOR = {Nicolau, St{\'e}phane and Pennec, Xavier and Soler, Luc and Ayache, Nicholas},
  uuuuuurl = {https://hal.inria.fr/inria-00615945},
  BOOKTITLE = {{International Symposium on Surgery Simulation and Soft Tissue Modeling (IS4TM'03)}},
  ADDRESS = {Juan-les-Pins, France, France},
  ORGANIZATION = {{INRIA Sophia Antipolis}},
  EDITOR = {Ayache, Nicholas and Delingette, Herv{\'e}},
  PUBLISHER = {{Springer}},
  SERIES = {Lecture Notes in Computer Science},
  VOLUME = {2673},
  PAGES = {270--283},
  YEAR = {2003},
  dddddddoi = {10.1007/3-540-45015-7\_26},
  KEYWORDS = {3D/2D registration ; Augmented reality ; validation},
  HAL_ID = {inria-00615945},
  HAL_VERSION = {v1},
}

@book{Nielsen2012,
  title={Matrix Information Geometry},
  author={Nielsen, F. and Bhatia, R.},
  isbn={9783642302329},
  lccn={2012941088},
  uuuurl={https://books.google.fr/books?id=MAhygTspBU8C},
  year={2012},
  publisher={Springer Berlin Heidelberg}
}


@book{numpy,
 author = {Oliphant, Travis E.},
 title = {Guide to NumPy},
 year = {2015},
 isbn = {151730007X, 9781517300074},
 edition = {2nd},
 publisher = {CreateSpace Independent Publishing Platform},
 address = {USA},
} 




@article{OASIS,
author = {Marcus, DS and Wang, TH and Parker, J and Csernansky, JG and Morris, JC and Buckner, RL.},
title = {Open Access Series of Imaging Studies (OASIS): Cross-Sectional MRI Data in Young, Middle Aged, Nondemented, and Demented Older Adults.},
journal = {Journal of Cognitive Neuroscience.},
volume = {19}, 
year = {2007},
pages = {1498-1507}
}

@article{Pacard2005,
  TITLE = {{Constant mean curvature hypersurfaces in Riemannian manifolds}},
  AUTHOR = {Pacard, Frank},
  JOURNAL = {{Riv. Mat. Univ. Parma }},
  VOLUME = {7},
  NUMBER = {4},
  PAGES = {141-162},
  YEAR = {2005}
}


@article{Papadopoulos2012,
	Author = {Papadopoulos, Fragkiskos and Kitsak, Maksim and Serrano, M. {\'A}ngeles and Bogu{\~n}{\'a}, Mari{\'a}n and Krioukov, Dmitri},
	Date = {2012/09/12/online},
	Date-Added = {2018-04-30 23:11:33 +0000},
	Date-Modified = {2018-04-30 23:11:33 +0000},
	Day = {12},
	Journal = {Nature},
	L3 = {10.1038/nature11459; https://www.nature.com/articles/nature11459#supplementary-information},
	Month = {09},
	Pages = {537 EP  -},
	Publisher = {Nature Publishing Group, a division of Macmillan Publishers Limited. All Rights Reserved. SN  -},
	Title = {Popularity versus similarity in growing networks},
	Ty = {JOUR},
	Url = {http://dx.doi.org/10.1038/nature11459},
	Volume = {489},
	Year = {2012},
	Bdsk-Url-1 = {http://dx.doi.org/10.1038/nature11459}
	}



@book{Patrangenaru2015,
  title={Nonparametric Statistics on Manifolds and Their Applications to Object Data Analysis},
  author={Patrangenaru, V. and Ellingson, L.},
  isbn={9781439820506},
  lccn={2015027745},
  uuuurl={https://books.google.fr/books?id=z6mJSQAACAAJ},
  year={2015},
  publisher={Taylor \& Francis}
}

@article{Pennec1998,
  TITLE = {{Toward a generic framework for recognition based on uncertain geometric features}},
  AUTHOR = {Pennec, Xavier},
  Uuuuuuurl = {https://hal.inria.fr/inria-00615090},
  JOURNAL = {{Videre: Journal of Computer Vision Research}},
  PUBLISHER = {{Massachusetts Institute of Technology Press (MIT Press)}},
  VOLUME = {1},
  NUMBER = {2},
  PAGES = {58--87},
  YEAR = {1998},
  KEYWORDS = {registration ; matching ; uncertainty},
  PDF = {https://hal.inria.fr/inria-00615090/file/v1n2003.pdf},
  HAL_ID = {inria-00615090},
  HAL_VERSION = {v1},
}

@article{Pennec1998b,
author = {Pennec, X and Ayache, N}, 
title = {A geometric algorithm to find small but highly similar 3D substructures in proteins.},
volume = {14}, 
number = {6}, 
pages = {516-522}, 
year = {1998}, 
dddddddddoi = {10.1093/bioinformatics/14.6.516},
uuuuuuurl = {http://bioinformatics.oxfordjournals.org/content/14/6/516.abstract}, 
eeprint = {http://bioinformatics.oxfordjournals.org/content/14/6/516.full.pdf+html}, 
journal = {Bioinformatics} 
}

@article{Pennec2006,
year={2006},
issn={0924-9907},
journal={Journal of Mathematical Imaging and Vision},
volume={25},
number={1},
dddddddddoi={10.1007/s10851-006-6228-4},
title={Intrinsic Statistics on {R}iemannian Manifolds: Basic Tools for Geometric Measurements},
uuuuuuurl={http://dx.dddddddddoi.org/10.1007/s10851-006-6228-4},
publisher={Kluwer Academic Publishers},
keywords={statistics; geometry; Riemannian manifolds; Frechet mean; covariance; computing on manifolds},
author={Pennec, Xavier},
pages={127-154},
language={English}
}

@ARTICLE{Pennec2006b,
AUTHOR = {Xavier Pennec and Pierre Fillard and Nicholas Ayache},
JOURNAL = {International Journal of Computer Vision},
TITLE = {A {R}iemannian Framework for Tensor Computing},
YEAR = 2006,
MONTH = {January},
NOTE = {A preliminary version appeared as INRIA Research Report 5255, July 2004.},
NUMBER = 1,
PAGES = {41--66},
VOLUME = 66,
dddddddddoi = {10.1007/s11263-005-3222-z},
KEYWORDS = {Tensors, regularization, PDE, geometry, Riemannian geometry},
uuuuuurl = {http://www.inria.fr/sophia/asclepios/Publications/Xavier.Pennec/Pennec.IJCV05.pdf},
uuuuuurl-PUBLISHER ={http://springerlink.metapress.com/openuuuuuurl.asp?genre=article&issn=0920-5691&volume=66&issue=1&spage=41},
uuuuuurl-HAL = {http://hal.inria.fr/} 
}

@article{Pennec2012,
    hal_id = {hal-00699361},
    uuuuuuurl = {http://hal.inria.fr/hal-00699361},
    title = {{Exponential Barycenters of the Canonical Cartan Connection and Invariant Means on Lie Groups}},
    author = {Pennec, Xavier and Arsigny, Vincent},
    language = {Anglais},
    affiliation = {ASCLEPIOS - INRIA Sophia Antipolis},
    journal = {{Matrix Information Geometry}},
    publisher = {Springer},
    pages = {123-168},
    editor = {Frederic Barbaresco and Amit Mishra and Frank Nielsen },
    audience = {internationale },
    issbn = {978-3-642-30231-2 (Print) / 978-3-642-30232-9 (Online) },
    ddddddddddoi = {10.1007/978-3-642-30232-9 },
    year = {2012},
    pdf = {http://hal.inria.fr/hal-00699361/PDF/Bi-Invar-Means.pdf},
}

@inproceedings{Pennec2015,
  TITLE = {{Barycentric Subspaces and Affine Spans in Manifolds}},
  AUTHOR = {Pennec, Xavier},
  uuuuuurl = {https://hal.inria.fr/hal-01164463},
  BOOKTITLE = {{Geometric Science of Information GSI'2015, Second International Conference}},
  ADDRESS = {Palaiseau, France},
  SERIES = {Lecture Notes in Compuer Science},
  VOLUME = {9389},
  PAGES = {12-21},
  YEAR = {2015},
  MONTH = Oct,
  dddddddddoi = {10.1007/978-3-319-25040-3\_2},
  PDF = {https://hal.inria.fr/hal-01164463/file/Pennec_AffineSpan_GSI2015.pdf},
  HAL_ID = {hal-01164463},
  HAL_VERSION = {v1},
}


@article{Petitot2003265,
title = "The neurogeometry of pinwheels as a sub-Riemannian contact structure ",
journal = "Journal of Physiology-Paris ",
volume = "97",
number = "2–3",
pages = "265 - 309",
year = "2003",
note = "Neurogeometry and visual perception ",
issn = "0928-4257",
dddddddddoi = "http://dx.dddddddddoi.org/10.1016/j.jphysparis.2003.10.010",
uuuuuuurl = {http://www.sciencedirect.com/science/article/pii/S092842570300072X},
author = "Jean Petitot"
}

@article{Petitot2013,
title = "Neurogeometry of neural functional architectures ",
journal = "Chaos, Solitons \& Fractals ",
volume = "50",
number = "0",
pages = "75 - 92",
year = "2013",
note = "Functionality and Dynamics in Biological Systems ",
issn = "0960-0779",
dddddddddoi = "http://dx.dddddddddoi.org/10.1016/j.chaos.2013.01.005",
uuuuuuurl = "http://www.sciencedirect.com/science/article/pii/S096007791300009X",
author = "Jean Petitot"
}


@book{Postnikov2001,
    author = {Postnikov, M.},
  title={Riemannian Geometry},
  isbn={9783540411086},
  series={Encyclopaedia of Mathem. Sciences},
  uuuuuuurl={http://books.google.co.uk/books?id=1kyUImXf8U0C},
  year={2001},
  publisher={Springer}
}

@misc{pygeometry,
  author = {Censi, A.},
  title={Pygeometry: library for handling various differentiable manifolds.},
  year={2010},
  url={https://github.com/AndreaCensi/geometry},
  publisher={Unpublished}
}

@article{pymanopt,
  author  = {James Townsend and Niklas Koep and Sebastian Weichwald},
  title   = {Pymanopt: A Python Toolbox for Optimization on Manifolds using Automatic Differentiation},
  journal = {Journal of Machine Learning Research},
  year    = {2016},
  volume  = {17},
  number  = {137},
  pages   = {1-5},
  url     = {http://jmlr.org/papers/v17/16-177.html}
}


@article{Rand1986,
title = "PASCAL programs for identification of Lie algebras: Part 1. Radical - a program to calculate the radical and nil radical of parameter-free and parameter-dependent lie algebras ",
journal = "Computer Physics Communications ",
volume = "41",
number = "1",
pages = "105 - 125",
year = "1986",
note = "",
issn = "0010-4655",
ddddddddddoi = "http://dx.ddddddddddoi.org/10.1016/0010-4655(86)90024-X",
uuuuuurl = "http://www.sciencedirect.com/science/article/pii/001046558690024X",
author = "D.W. Rand"
}



@article{Rand1988,
title = "On the identification of a Lie algebra given by its structure constants. {I}. Direct decompositions, levi decompositions, and nilradicals ",
journal = "Linear Algebra and its Applications ",
volume = "109",
number = "0",
pages = "197 - 246",
year = "1988",
note = "",
issn = "0024-3795",
ddddddddddoi = "http://dx.ddddddddddoi.org/10.1016/0024-3795(88)90210-8",
uuuuuuurl = "http://www.sciencedirect.com/science/article/pii/0024379588902108",
author = "D. Rand and P. Winternitz and H. Zassenhaus"
}


@article{Reininghaus2011,
  author    = {Jan Reininghaus and
               Natallia Kotava and
               David G{\"{u}}nther and
               Jens Kasten and
               Hans Hagen and
               Ingrid Hotz},
  title     = {A Scale Space Based Persistence Measure for Critical Points in 2D
               Scalar Fields},
  journal   = {{IEEE} Trans. Vis. Comput. Graph.},
  volume    = {17},
  number    = {12},
  pages     = {2045--2052},
  year      = {2011},
  uuuuuurl       = {http://dx.dddddddoi.org/10.1109/TVCG.2011.159},
  dddddddoi       = {10.1109/TVCG.2011.159},
  timestamp = {Mon, 07 Mar 2016 17:32:01 +0100},
  bibuuuuuuurl    = {http://dblp.uni-trier.de/rec/bib/journals/tvcg/ReininghausKGKHH11},
  bibsource = {dblp computer science bibliography, http://dblp.org}
}


@article{Rontgen1896,
 ISSN = {00368075, 10959203},
 uuuurl = {http://www.jstor.org/stable/1623595},
 author = {W. C. Roentgen},
 journal = {Science},
 number = {59},
 pages = {227-231},
 publisher = {American Association for the Advancement of Science},
 title = {On a New Kind of Rays},
 volume = {3},
 year = {1896}
}


@article{Ronyai1997,
year={1997},
issn={0938-1279},
journal={Applicable Algebra in Engineering, Communication and Computing},
volume={8},
number={4},
dddddddddoi={10.1007/s002000050066},
title={Computing Levi Decompositions in Lie algebras},
uuuuuurl={http://dx.dddddddddoi.org/10.1007/s002000050066},
publisher={Springer-Verlag},
keywords={Keywords: Lie algebras; Associative algebras; Radical; Decomposition; Symbolic computations; Complexity.},
author={Ronyai, L. and Ivanyos, G. and Kuronya, A. and de Graaf, W. A.},
pages={291-303},
language={English}
}

@ARTICLE{Roweis2000,
    author = {Sam T. Roweis and Lawrence K. Saul},
    title = {Nonlinear dimensionality reduction by locally linear embedding},
    journal = {SCIENCE},
    year = {2000},
    volume = {290},
    pages = {2323--2326}
}

@InProceedings{Sanguinetti2008,
  author       = "Sanguinetti, Gonzalo and Citti, Giovanna and Sarti, Alessandro",
  title        = "Image Completion Using a Diffusion Driven Mean Curvature Flowing A Sub-Riemannian Space",
  booktitle    = "International on Computer Vision Theory and Applications, 3rd. Proceedings. VISAPP 2008. Funchal, Portugal.",
  volume       = "2",
  pages        = "46-53",
  month        = "jan",
  year         = "2008",
  publisher    = "INSTICC - Institute for Systems and Technologies of Control and Communication"
}

@book{Santalo2004,
   title = "Integral geometry and geometric probability",
   author = "Santalo, Luis Antonio and Kac, Mark",
   series = "Cambridge mathematical library",
   publisher = "Cambridge University Press",
   address = "Cambridge",
   uuuurl = "http://opac.inria.fr/record=b1101240",
   isbn = "0-521-52344-3",
   note = "1re edition London : Addison-Wesley, 1976",
   year = 2004
}

@article{Senat2016,
title = {
Rapport d'information fait au nom de la commission des affaires sociales sur l'enquete de la Cour des comptes sur l'adaptation aux besoins des moyens materiels et humains consacres a l'imagerie medicale.},
author = {Chasseing, S\'enat. Commission des affaires sociales.},
journal = {Les Rapports du S\'enat},
year = {2016}
}

@article{Schaeben1993,
author = "Schaeben, H.",
title = "{Towards statistics of crystal orientations in quantitative texture anaylsis}",
journal = "Journal of Applied Crystallography",
year = "1993",
volume = "26",
number = "1",
pages = "112--121",
month = "Feb",
doi = {10.1107/S0021889892009270},
url = {https://doi.org/10.1107/S0021889892009270}
}

@book{Schur1905,
    author = {Schur, Issai},
    citeulike-article-id = {11233723},
    keywords = {algebra, linear, mathematics, matrix},
    pages = {406--432},
    posted-at = {2012-09-12 17:57:21},
    priority = {2},
    publisher = {Sitzungsberichte der K\"{o}niglich Preu{\ss}ischen Akademie der Wissenschaften zu Berlin},
    title = {{Neue Begr\"{u}ndung der Theorie der Gruppencharaktere}},
    year = {1905}
}

@phdthesis{Seiler2012,
  TITLE = {{Trees on Geometrical Deformations to Model the Statistical Variability of Organs in Medical Images}},
  AUTHOR = {Seiler, Christof},
  uuurl = {https://tel.archives-ouvertes.fr/tel-00844610},
  SCHOOL = {{Universit{\'e} Nice Sophia Antipolis ; Universit{\"a}t Bern}},
  YEAR = {2012},
  MONTH = Sep,
  TYPE = {Theses},
  PDF = {https://tel.archives-ouvertes.fr/tel-00844610/file/Seiler_PhDThesis.pdf},
  HAL_ID = {tel-00844610},
  HAL_VERSION = {v1},
}

@inproceedings{Seiler2013,
  TITLE = {{Random Spatial Structure of Geometric Deformations and Bayesian Nonparametrics}},
  AUTHOR = {Seiler, Christof and Pennec, Xavier and Holmes, Susan},
  Uuurl = {https://hal.inria.fr/hal-00847185},
  BOOKTITLE = {{GSI - Geometric Science of Information - 2013}},
  ADDRESS = {Paris, France},
  PUBLISHER = {{Springer}},
  SERIES = {Lecture Notes in Computer Science - LNCS},
  VOLUME = {8085},
  PAGES = {120-127},
  YEAR = {2013},
  MONTH = Aug,
  Dddoi = {10.1007/978-3-642-40020-9\_12},
  PDF = {https://hal.inria.fr/hal-00847185/file/BayesianNonparametricsGeometricDeformationsSeiler2013.pdf},
  HAL_ID = {hal-00847185},
  HAL_VERSION = {v1},
}

@article{Shenton2009,
author = {Shenton, Martha and K Balci, Serdar and Sabuncu, Mert and Golland, Polina},
year = {2009},
month = {06},
pages = {},
title = {Image-Driven Population Analysis Through Mixture Modeling},
booktitle = {IEEE}
}

@INPROCEEDINGS{Shinohara2010, 
author={Y. Shinohara and T. Masuko and M. Akamine}, 
booktitle={2010 IEEE International Conference on Acoustics, Speech and Signal Processing}, 
title={Covariance clustering on Riemannian manifolds for acoustic model compression}, 
year={2010}, 
volume={}, 
number={}, 
pages={4326-4329}, 
ddoi={10.1109/ICASSP.2010.5495661}, 
ISSN={1520-6149}, 
month={March}}

@manual{shiny,
  title={Easy web applications in R.},
  author={{RStudio, Inc}},
  year={2013},
  uuuurl={http://www.rstudio.com/shiny/}
} 

@Inbook{Singh2013,
author="Singh, Nikhil
and Hinkle, Jacob
and Joshi, Sarang
and Fletcher, P. Thomas",
editor="Gee, James C.
and Joshi, Sarang
and Pohl, Kilian M.
and Wells, William M.
and Z{\"o}llei, Lilla",
title="A Hierarchical Geodesic Model for Diffeomorphic Longitudinal Shape Analysis",
bookTitle="Information Processing in Medical Imaging: 23rd International Conference, IPMI 2013, Asilomar, CA, USA, June 28--July 3, 2013. Proceedings",
year="2013",
publisher="Springer Berlin Heidelberg",
address="Berlin, Heidelberg",
pages="560--571",
issbn="978-3-642-38868-2",
dodi="10.1007/978-3-642-38868-2_47",
uuuuurl="http://dx.ddddoi.org/10.1007/978-3-642-38868-2_47"
}



@misc{Singular,
 title = {{\sc Singular} {3-1-6} --- {A} computer algebra system for polynomial computations},
 author = {Decker, Wolfram and Greuel, Gert-Martin and Pfister, Gerhard and Sch\"onemann, Hans},
 year = {2012},
 howpublished = {\uuuuuuurl{http://www.singular.uni-kl.de}},
}

@article{Small1989,
author = "Small, Christopher G.",
ddddddddddoi = "10.1214/ss/1177012584",
fjournal = "Statistical Science",
journal = "Statist. Sci.",
month = "05",
number = "2",
pages = "105--108",
publisher = "The Institute of Mathematical Statistics",
title = "[A Survey of the Statistical Theory of Shape]: Comment",
uuuuuuurl = "http://dx.dddddddddoi.org/10.1214/ss/1177012584",
volume = "4",
year = "1989"
}



@ARTICLE{Smith2005,
author={Smith, S.T.},
journal={Signal Processing, IEEE Transactions on},
title={Covariance, subspace, and intrinsic Crame acute;r-Rao bounds},
year={2005},
volume={53},
number={5},
pages={1610-1630},
dddddddddoi={10.1109/TSP.2005.845428},
ISSN={1053-587X},
month={May}
}

@PHDTHESIS{Sol2013,
AUTHOR = {Kevin Sol},
SCHOOL = {Universit\'e de Montpellier 2},
TITLE = {A new combinatorial method based on oriented matroids to characterize the 3D morphology of anatomical structures},
YEAR = 2013
}


@Article{Sommer2014,
author="Sommer, S.
and Lauze, F.
and Nielsen, M.",
title="Optimization over geodesics for exact principal geodesic analysis",
journal="Advances in Computational Mathematics",
year="2014",
volume="40",
number="2",
pages="283--313",
issn="1572-9044",
ddddoi="10.1007/s10444-013-9308-1",
uuuurl="http://dx.ddddoi.org/10.1007/s10444-013-9308-1"
}


@book{Sternberg1964,
   title = "Lectures on differential geometry",
   author = "Sternberg, Shlomo",
   series = "Prentice-Hall mathematics series",
   publisher = "Englewood Cliffs N.J. Prentice-Hall",
   uuuuuuurl = "http://opac.inria.fr/record=b1078755",
   note = "Autre tirage : 1965",
   year = 1964
}

@article{Stigler1981,
author = "Stigler, Stephen M.",
dddddddoi = "10.1214/aos/1176345451",
fjournal = "The Annals of Statistics",
journal = "Ann. Statist.",
month = "05",
number = "3",
pages = "465--474",
publisher = "The Institute of Mathematical Statistics",
title = "Gauss and the Invention of Least Squares",
uuuuuurl = "http://dx.dddddddoi.org/10.1214/aos/1176345451",
volume = "9",
year = "1981"
}

@article{Tenenbaum2000,
  abstract = {Describes an approach to solving dimensionality reduction problems that uses easily measured local metric information to learn the underlying global geometry of a data set. Capability of the approach to discover the nonlinear degrees of freedom that underlie complex natural observations; Difference of the approach from previous algorithms for nonlinear dimensionality reduction.},
  added-at = {2009-06-04T20:48:13.000+0200},
  author = {Tenenbaum, Joshua B. and de Silva, Vin and Langford, John C.},
  bibuurl = {https://www.bibsonomy.org/bibtex/2e43477a419fee32ef998ed6ebbe33160/quesada},
  interhash = {d98b45c2f0c37140697cdd69cb0d9c89},
  intrahash = {e43477a419fee32ef998ed6ebbe33160},
  journal = {Science},
  keywords = {},
  number = 5500,
  pages = 2319,
  timestamp = {2009-06-04T20:48:13.000+0200},
  title = {A Global Geometric Framework for Nonlinear Dimensionality Reduction},
  volume = 290,
  year = 2000
}


@misc{tensorflow,
title={ {TensorFlow}: Large-Scale Machine Learning on Heterogeneous Systems},
url={https://www.tensorflow.org/},
note={Software available from tensorflow.org},
author={
    Mart\'{\i}n~Abadi and
    Ashish~Agarwal and
    Paul~Barham and
    Eugene~Brevdo and
    Zhifeng~Chen and
    Craig~Citro and
    Greg~S.~Corrado and
    Andy~Davis and
    Jeffrey~Dean and
    Matthieu~Devin and
    Sanjay~Ghemawat and
    Ian~Goodfellow and
    Andrew~Harp and
    Geoffrey~Irving and
    Michael~Isard and
    Yangqing Jia and
    Rafal~Jozefowicz and
    Lukasz~Kaiser and
    Manjunath~Kudlur and
    Josh~Levenberg and
    Dandelion~Man\'{e} and
    Rajat~Monga and
    Sherry~Moore and
    Derek~Murray and
    Chris~Olah and
    Mike~Schuster and
    Jonathon~Shlens and
    Benoit~Steiner and
    Ilya~Sutskever and
    Kunal~Talwar and
    Paul~Tucker and
    Vincent~Vanhoucke and
    Vijay~Vasudevan and
    Fernanda~Vi\'{e}gas and
    Oriol~Vinyals and
    Pete~Warden and
    Martin~Wattenberg and
    Martin~Wicke and
    Yuan~Yu and
    Xiaoqiang~Zheng},
  year={2015},
}

@article{theanogeometry,
  author    = {Line K{\"{u}}hnel and
               Stefan Sommer},
  title     = {Computational Anatomy in Theano},
  journal   = {CoRR},
  volume    = {abs/1706.07690},
  year      = {2017},
  url       = {http://arxiv.org/abs/1706.07690},
  archivePrefix = {arXiv},
  eprint    = {1706.07690},
  timestamp = {Mon, 03 Jul 2017 13:29:02 +0200},
  biburl    = {https://dblp.org/rec/bib/journals/corr/KuhnelS17a},
  bibsource = {dblp computer science bibliography, https://dblp.org}
}

@incollection{Theodoridis2009,
title = "Chapter 16 - Cluster Validity ",
editor = "Theodoridis, Sergios  and Koutroumbas, Konstantinos ",
booktitle = "Pattern Recognition (Fourth Edition) ",
publisher = "Academic Press",
edition = "Fourth Edition",
address = "Boston",
year = "2009",
pages = "863 - 913",
isbn = "978-1-59749-272-0",
dddddddddoi = "http://dx.dddddddddoi.org/10.1016/B978-1-59749-272-0.50018-9",
uuuuuurl = "http://www.sciencedirect.com/science/article/pii/B9781597492720500189",
author = "Sergios Theodoridis and Konstantinos Koutroumbas"
}

@book{Thompson1992,
  title={On Growth and Form},
  author={Thompson, D.A.W. and Bonner, J.T.},
  isbn={9780521437769},
  lccn={84045859},
  series={Canto},
  uuuuuuurl={http://books.google.co.uk/books?id=7\_F4OUJmLFcC},
  year=1992,
  publisher={Cambridge University Press}
}

@article{Tickle1998,
author = "Tickle, Ian J. and Laskowski, Roman A. and Moss, David S.",
title = "{Error Estimates of Protein Structure Coordinates and Deviations from Standard Geometry by Full-Matrix Refinement of {\bf {$\gamma$}}B- and {\bf {$\beta$}}B2-Crystallin}",
journal = "Acta Crystallographica Section D",
year = "1998",
volume = "54",
number = "2",
pages = "243--252",
month = "Mar",
dddddddddoi = {10.1107/S090744499701041X},
uuuuuuurl = {http://dx.dddddddddoi.org/10.1107/S090744499701041X}
}

@Article{Trouve1998,
author="Trouv{\'e}, Alain",
title="Diffeomorphisms Groups and Pattern Matching in Image Analysis",
journal="International Journal of Computer Vision",
year="1998",
volume="28",
number="3",
pages="213--221",
issn="1573-1405",
dddddddoi="10.1023/A:1008001603737",
uuuuuurl="http://dx.dddddddoi.org/10.1023/A:1008001603737"
}

@Inbook{Trouve2011,
author="Trouv{\'e}, Alain
and Younes, Laurent",
editor="Scherzer, Otmar",
title="Shape Spaces",
bookTitle="Handbook of Mathematical Methods in Imaging",
year="2011",
publisher="Springer New York",
address="New York, NY",
pages="1309--1362",
isbn="978-0-387-92920-0",
ddddoi="10.1007/978-0-387-92920-0_30",
uuuurl="http://dx.ddddoi.org/10.1007/978-0-387-92920-0_30"
}


@article{Tsou1957,
author = {Tsou,S.-T. and Walker,A. G.},
title = {XIX. Metrisable Lie Groups and Algebras},
journal = {Proceedings of the Royal Society of Edinburgh. Section A. Mathematical and Physical Sciences},
volume = {64},
issue = {03},
month = {1},
year = {1957},
issn = {1473-7124},
pages = {290--304},
numpages = {15},
ddddddddddoi = {10.1017/S0080454100007512},
uuuuuurl = {http://journals.cambridge.org/article_S0080454100007512},
}

@article{Tsou1962,
author = {Tsou,S-T.},
title = {XI. On the Construction of Metrisable Lie Algebras},
journal = {Proceedings of the Royal Society of Edinburgh. Section A. Mathematical and Physical Sciences},
volume = {66},
issue = {02},
month = {1},
year = {1962},
issn = {1473-7124},
pages = {116--127},
numpages = {12},
ddddddddddoi = {10.1017/S0080454100007755},
uuuuuurl = {http://journals.cambridge.org/article_S0080454100007755},
}

@article{UKBiobank2015,
title = {UK Biobank: An Open Access Resource for Identifying the Causes of a Wide Range of Complex Diseases of Middle and Old Age},
author = {Cathie Sudlow and John Gallacher and Naomi Allen and Valerie Beral and Paul Burton and John Danesh and Paul Downey and Paul Elliott and Jane Green and Martin Landray and Bette Liu and Paul Matthews and Giok Ong and Jill Pell and Alan Silman and Alan Young and Tim Sprosen and Tim Peakman and Rory Collins },
uuuuuurl = {http://journals.plos.org/plosmedicine/article?id=10.1371/journal.pmed.1001779},
year = {2015},
date = {2015-03-31},
journal = {PLOS Medicine},
keywords = {About UKBiobank, By UK Biobank, Open Access},
pubstate = {published},
tppubtype = {article}
}

@Inbook{Vaillant2005,
author="Vaillant, Marc
and Glaun{\`e}s, Joan",
editor="Christensen, Gary E.
and Sonka, Milan",
title="Surface Matching via Currents",
bookTitle="Information Processing in Medical Imaging: 19th International Conference, IPMI 2005, Glenwood Springs, CO, USA, July 10-15, 2005. Proceedings",
year="2005",
publisher="Springer Berlin Heidelberg",
address="Berlin, Heidelberg",
pages="381--392",
isbn="978-3-540-31676-3",
ddddoi="10.1007/11505730_32",
uuuurl="http://dx.ddddoi.org/10.1007/11505730_32"
}

@article{vanDerMaaten2008,
  added-at = {2015-06-19T12:07:15.000+0200},
  author = {van der Maaten, Laurens and Hinton, Geoffrey},
  bibuurl = {https://www.bibsonomy.org/bibtex/28b9aebb404ad4a4c6a436ea413550b30/lopusz_kdd},
  interhash = {370ba8b9e1909b61880a6f47c93bcd49},
  intrahash = {8b9aebb404ad4a4c6a436ea413550b30},
  journal = {Journal of Machine Learning Research},
  keywords = {dimensionality_reduction tSNE visualization},
  pages = {2579--2605},
  timestamp = {2015-08-19T15:19:11.000+0200},
  title = {Visualizing Data using {t-SNE} },
  uurl = {http://www.jmlr.org/papers/v9/vandermaaten08a.html},
  volume = 9,
  year = 2008
}

@article{Wenguang2011,
title = "A Novel Unsupervised Classifier of Polarimetric SAR Images",
journal = "Procedia Engineering",
volume = "15",
pages = "1595 - 1599",
year = "2011",
note = "CEIS 2011",
issn = "1877-7058",
doi = "https://doi.org/10.1016/j.proeng.2011.08.297",
url = "http://www.sciencedirect.com/science/article/pii/S187770581101798X",
author = "Wang Wenguang and Lu Fei and Sun Zuowei and Wang Jun",
keywords = "polarimetric synthetic aperture radar (Pol-SAR), classification, scattering properties, dual-frequency"
}


@article{Wu2011,
title = "Towards statistical summaries of spike train data ",
journal = "Journal of Neuroscience Methods ",
volume = "195",
number = "1",
pages = "107 - 110",
year = "2011",
note = "",
issn = "0165-0270",
dddddddddoi = "http://dx.dddddddddoi.org/10.1016/j.jneumeth.2010.11.012",
uuuuuuurl = "http://www.sciencedirect.com/science/article/pii/S0165027010006461",
author = "Wei Wu and Anuj Srivastava",
keywords = "Spike train metrics",
keywords = "Lp norms",
keywords = "Statistical summaries",
keywords = "Time warping",
keywords = "Mean spike train "
}
@article{Wu2016,
    author = {Wu, Guorong AND Peng, Xuewei AND Ying, Shihui AND Wang, Qian AND Yap, Pew-Thian AND Shen, Dan AND Shen, Dinggang},
    journal = {PLOS ONE},
    publisher = {Public Library of Science},
    title = {eHUGS: Enhanced Hierarchical Unbiased Graph Shrinkage for Efficient Groupwise Registration},
    year = {2016},
    month = {01},
    volume = {11},
    uuurl = {https://ddoi.org/10.1371/journal.pone.0146870},
    pages = {1-21},
    number = {1},
    dddoi = {10.1371/journal.pone.0146870}
}

@ARTICLE{Yang2009,
author = {X. Yang and Z. Tu and X. Bai and L. J. Latecki and W. Liu},
journal = {IEEE Transactions on Pattern Analysis and Machine Intelligence},
title = {Learning Context-Sensitive Shape Similarity by Graph Transduction},
year = {2009},
volume = {32},
number = {},
pages = {861-874},
keywords={Shape similarity; shape retrieval; shape classification; shape clustering; graph transduction.},
ddddoi = {10.1109/TPAMI.2009.85},
uuuurl = {ddddoi.ieeecomputersociety.org/10.1109/TPAMI.2009.85},
ISSN = {0162-8828},
month={04}
}



@article{Yang2010,
author = {Yang,Le},
title = {Riemannian median and its estimation},
journal = {LMS Journal of Computation and Mathematics},
volume = {13},
month = {12},
year = {2010},
issn = {1461-1570},
pages = {461--479},
numpages = {19},
ddddddddddoi = {10.1112/S1461157020090531},
uuuuuuurl = {http://journals.cambridge.org/article_S1461157020090531},
}
@book{Younes2012,
  title={Shapes and Diffeomorphisms},
  author={Younes, L.},
  isbn={9783642263484},
  series={Applied Mathematical Sciences},
  uuuuuuurl={http://books.google.fr/books?id=WEFRMAEACAAJ},
  year={2012},
  publisher={Springer London, Limited}
}

@ARTICLE{Yuan2012,
title = {Local polynomial regression for symmetric positive definite matrices},
author = {Yuan, Ying and Zhu, Hongtu and Lin, Weili and Marron, J. S.},
year = {2012},
journal = {Journal of the Royal Statistical Society Series B},
volume = {74},
number = {4},
pages = {697-719},
url = {https://EconPapers.repec.org/RePEc:bla:jorssb:v:74:y:2012:i:4:p:697-719}
}



@article{Yuille1992,
    address = {Hingham, MA, USA},
    author = {Yuille, Alan L. and Hallinan, Peter W. and Cohen, David S.},
    citeulike-article-id = {4412890},
    citeulike-linkout-0 = {http://portal.acm.org/citation.cfm?id=144380},
    citeulike-linkout-1 = {http://dx.dddddddddoi.org/10.1007/bf00127169},
    citeulike-linkout-2 = {http://www.springerlink.com/content/tp404612x8171265},
    day = {1},
    dddddddddoi = {10.1007/bf00127169},
    issn = {0920-5691},
    journal = {Int. J. Comput. Vision},
    keywords = {deformable\_templates, pictorial\_structures},
    month = aug,
    number = {2},
    pages = {99--111},
    posted-at = {2009-04-28 00:40:11},
    priority = {2},
    publisher = {Kluwer Academic Publishers},
    title = {{Feature extraction from faces using deformable templates}},
    uuuuuurl = {http://dx.dddddddddoi.org/10.1007/bf00127169},
    volume = {8},
    year = {1992}
}


@article{Zalawadia2010,
    author = {DA Zalawadia and DJ Vadgama and DS Ruparelia and DS Patel},
    title = {Morphometric Study Of Pterion In Dry Skull Of Gujarat Region.},
    year = {2010},
    journal={NJIRM},
    volume = {1(4)},
    pages = {25-29}
}



@article{Zefran1995,
    author = {Milos Zefran and Vijay Kumar and Christopher Croke},
    title = {On the Generation of Smooth Three-Dimensional Rigid Body Motions},
    year = {1995},
    journal={IEEE Transactions on Robotics and Automation}
}

@article{Zeng2015,
AUTHOR = {Zeng, Wei and Razib, Muhammad and Shahid, Abdur Bin},
TITLE = {Diffeomorphism Spline},
JOURNAL = {Axioms},
VOLUME = {4},
YEAR = {2015},
NUMBER = {2},
PAGES = {156--176},
uuuurl = {http://www.mdpi.com/2075-1680/4/2/156},
ISSN = {2075-1680},
ddddoi = {10.3390/axioms4020156}
}


@article{Zhu2007,
author = {Hongtu Zhu and Heping Zhang and Joseph G Ibrahim and Bradley S Peterson},
title = {Statistical Analysis of Diffusion Tensors in Diffusion-Weighted Magnetic Resonance Imaging Data},
journal = {Journal of the American Statistical Association},
volume = {102},
number = {480},
pages = {1085-1102},
year  = {2007},
publisher = {Taylor & Francis},
doi = {10.1198/016214507000000581},

URL = { 
        https://doi.org/10.1198/016214507000000581
    
},
eprint = { 
        https://doi.org/10.1198/016214507000000581
    
}

}


@article{Zhu2009,
author = {Hongtu Zhu and Yasheng Chen and Joseph G. Ibrahim and Yimei Li and Colin Hall and Weili Lin},
title = {Intrinsic Regression Models for Positive-Definite Matrices With Applications to Diffusion Tensor Imaging},
journal = {Journal of the American Statistical Association},
volume = {104},
number = {487},
pages = {1203-1212},
year  = {2009},
publisher = {Taylor & Francis},
doi = {10.1198/jasa.2009.tm08096},
    note ={PMID: 20174601},
URL = {https://doi.org/10.1198/jasa.2009.tm08096},
eprint = { https://doi.org/10.1198/jasa.2009.tm08096}
}


@article{sporns2005human,
  title={The human connectome: a structural description of the human brain},
  author={Sporns, Olaf and Tononi, Giulio and K{\"o}tter, Rolf},
  journal={PLoS computational biology},
  volume={1},
  number={4},
  pages={e42},
  year={2005},
  publisher={Public Library of Science}
}

@article{wang2013disrupted,
  title={Disrupted functional brain connectome in individuals at risk for Alzheimer's disease},
  author={Wang, Jinhui and Zuo, Xinian and Dai, Zhengjia and Xia, Mingrui and Zhao, Zhilian and Zhao, Xiaoling and Jia, Jianping and Han, Ying and He, Yong},
  journal={Biological psychiatry},
  volume={73},
  number={5},
  pages={472--481},
  year={2013},
  publisher={Elsevier}
}



@article{ingalhalikar2014sex,
  title={Sex differences in the structural connectome of the human brain},
  author={Ingalhalikar, Madhura and Smith, Alex and Parker, Drew and Satterthwaite, Theodore D and Elliott, Mark A and Ruparel, Kosha and Hakonarson, Hakon and Gur, Raquel E and Gur, Ruben C and Verma, Ragini},
  journal={Proceedings of the National Academy of Sciences},
  volume={111},
  number={2},
  pages={823--828},
  year={2014},
  publisher={National Acad Sciences}
}